%% This BibTeX bibliography file was created using BibDesk.
%% https://bibdesk.sourceforge.io/

%% Created for Dylan Wiwad at 2019-04-12 12:23:07 -0700 


%% Saved with string encoding Unicode (UTF-8) 



@article{sotirovic01,
	Author = {M Sotirovic},
	Date-Added = {2019-04-12 12:11:37 -0700},
	Date-Modified = {2019-04-12 12:12:27 -0700},
	Journal = {Journal of Communication},
	Number = {4},
	Pages = {750-774},
	Title = {Media Use and Perceptions of Welfare},
	Volume = {51},
	Year = {2001},
	Bdsk-File-1 = {YnBsaXN0MDDSAQIDBFxyZWxhdGl2ZVBhdGhZYWxpYXNEYXRhXxAoLi4vZGlzc2VydGF0aW9uX3BhcGVycy9zb3Rpcm92aWMyMDAxLnBkZk8RAdoAAAAAAdoAAgAADE1hY2ludG9zaCBIRAAAAAAAAAAAAAAAAAAAAAAAAABCRAAB/////xFzb3Rpcm92aWMyMDAxLnBkZgAAAAAAAAAAAAAAAAAAAAAAAAAAAAAAAAAAAAAAAAAAAAAAAAAAAAAAAAAAAAD/////AAAAAAAAAAAAAAAAAAEAAgAACiBjdQAAAAAAAAAAAAAAAAATZGlzc2VydGF0aW9uX3BhcGVycwAAAgBnLzpVc2VyczpkeWxhbndpd2FkOkRyb3Bib3g6V29yazpEaXNzZXJ0YXRpb246V3JpdGluZzpEaXNzZXJ0YXRpb246ZGlzc2VydGF0aW9uX3BhcGVyczpzb3Rpcm92aWMyMDAxLnBkZgAADgAkABEAcwBvAHQAaQByAG8AdgBpAGMAMgAwADAAMQAuAHAAZABmAA8AGgAMAE0AYQBjAGkAbgB0AG8AcwBoACAASABEABIAZVVzZXJzL2R5bGFud2l3YWQvRHJvcGJveC9Xb3JrL0Rpc3NlcnRhdGlvbi9Xcml0aW5nL0Rpc3NlcnRhdGlvbi9kaXNzZXJ0YXRpb25fcGFwZXJzL3NvdGlyb3ZpYzIwMDEucGRmAAATAAEvAAAVAAIAEf//AAAACAANABoAJABPAAAAAAAAAgEAAAAAAAAABQAAAAAAAAAAAAAAAAAAAi0=}}

@article{macleod99,
	Author = {L MacLeod and D Montero and A Speer},
	Date-Added = {2019-04-12 12:05:48 -0700},
	Date-Modified = {2019-04-12 12:07:00 -0700},
	Journal = {The Journal of Sociology and Social Welfare},
	Number = {2},
	Pages = {175-186},
	Title = {America's Changing Attitudes Toward Welfare and Welfare Recipients, 1938-1995},
	Volume = {26},
	Year = {1999},
	Bdsk-File-1 = {YnBsaXN0MDDSAQIDBFxyZWxhdGl2ZVBhdGhZYWxpYXNEYXRhXxAmLi4vZGlzc2VydGF0aW9uX3BhcGVycy9tYWNsZW9kMTk5OS5wZGZPEQHSAAAAAAHSAAIAAAxNYWNpbnRvc2ggSEQAAAAAAAAAAAAAAAAAAAAAAAAAQkQAAf////8PbWFjbGVvZDE5OTkucGRmAAAAAAAAAAAAAAAAAAAAAAAAAAAAAAAAAAAAAAAAAAAAAAAAAAAAAAAAAAAAAAAA/////wAAAAAAAAAAAAAAAAABAAIAAAogY3UAAAAAAAAAAAAAAAAAE2Rpc3NlcnRhdGlvbl9wYXBlcnMAAAIAZS86VXNlcnM6ZHlsYW53aXdhZDpEcm9wYm94Oldvcms6RGlzc2VydGF0aW9uOldyaXRpbmc6RGlzc2VydGF0aW9uOmRpc3NlcnRhdGlvbl9wYXBlcnM6bWFjbGVvZDE5OTkucGRmAAAOACAADwBtAGEAYwBsAGUAbwBkADEAOQA5ADkALgBwAGQAZgAPABoADABNAGEAYwBpAG4AdABvAHMAaAAgAEgARAASAGNVc2Vycy9keWxhbndpd2FkL0Ryb3Bib3gvV29yay9EaXNzZXJ0YXRpb24vV3JpdGluZy9EaXNzZXJ0YXRpb24vZGlzc2VydGF0aW9uX3BhcGVycy9tYWNsZW9kMTk5OS5wZGYAABMAAS8AABUAAgAR//8AAAAIAA0AGgAkAE0AAAAAAAACAQAAAAAAAAAFAAAAAAAAAAAAAAAAAAACIw==}}

@unpublished{mercierunpub,
	Author = {B Mercier and D Wiwad and P K Piff and L B Aknin and A R Robinson and A F Shariff},
	Date-Added = {2019-04-12 12:03:23 -0700},
	Date-Modified = {2019-04-12 12:04:43 -0700},
	Note = {https://psyarxiv.com/k45ud/},
	Title = {Does Belief in Free Will Increase Support for Economic Inequality?}}

@article{specht11,
	Author = {J Specht and B Egloff and S C Schmukle},
	Date-Added = {2019-04-12 12:01:39 -0700},
	Date-Modified = {2019-04-12 12:02:48 -0700},
	Journal = {Journal of Personality and Social Psychology},
	Number = {4},
	Pages = {862-882},
	Title = {Stability and Change of Personality Across the Life Course: The Impact of Age and Major Life Events on Mean-Level and Rank-Order Stability of the Big Five},
	Volume = {101},
	Year = {2011},
	Bdsk-File-1 = {YnBsaXN0MDDSAQIDBFxyZWxhdGl2ZVBhdGhZYWxpYXNEYXRhXxAlLi4vZGlzc2VydGF0aW9uX3BhcGVycy9zcGVjaHQyMDExLnBkZk8RAcwAAAAAAcwAAgAADE1hY2ludG9zaCBIRAAAAAAAAAAAAAAAAAAAAAAAAABCRAAB/////w5zcGVjaHQyMDExLnBkZgAAAAAAAAAAAAAAAAAAAAAAAAAAAAAAAAAAAAAAAAAAAAAAAAAAAAAAAAAAAAAAAAD/////AAAAAAAAAAAAAAAAAAEAAgAACiBjdQAAAAAAAAAAAAAAAAATZGlzc2VydGF0aW9uX3BhcGVycwAAAgBkLzpVc2VyczpkeWxhbndpd2FkOkRyb3Bib3g6V29yazpEaXNzZXJ0YXRpb246V3JpdGluZzpEaXNzZXJ0YXRpb246ZGlzc2VydGF0aW9uX3BhcGVyczpzcGVjaHQyMDExLnBkZgAOAB4ADgBzAHAAZQBjAGgAdAAyADAAMQAxAC4AcABkAGYADwAaAAwATQBhAGMAaQBuAHQAbwBzAGgAIABIAEQAEgBiVXNlcnMvZHlsYW53aXdhZC9Ecm9wYm94L1dvcmsvRGlzc2VydGF0aW9uL1dyaXRpbmcvRGlzc2VydGF0aW9uL2Rpc3NlcnRhdGlvbl9wYXBlcnMvc3BlY2h0MjAxMS5wZGYAEwABLwAAFQACABH//wAAAAgADQAaACQATAAAAAAAAAIBAAAAAAAAAAUAAAAAAAAAAAAAAAAAAAIc}}

@inbook{costa94,
	Address = {Hillsdale, NJ},
	Author = {P T Costa and R R McCrae},
	Date-Added = {2019-04-12 11:57:40 -0700},
	Date-Modified = {2019-04-12 12:00:05 -0700},
	Editor = {C F {Halverson Jr.} and G A Kohnstamm and R P Martin},
	Pages = {139-150},
	Publisher = {Lawrence Erlbaum Associates, Inc},
	Series = {The Developing Structure of Temperament and Personality from Infancy to Adulthood},
	Title = {Stability and Change in Personality from Adolescence Through Adulthood},
	Year = {1994}}

@article{Piff10,
	Author = {Piff, P K and Kraus, M W and C{\^o}t{\'e}, S and Cheng, B H and Keltner, D},
	Date-Added = {2019-04-12 11:50:40 -0700},
	Date-Modified = {2019-04-12 11:51:34 -0700},
	Doi = {10.1037/a0020092},
	Journal = {Journal of Personality and Social Psychology},
	Number = {5},
	Pages = {771--784},
	Title = {Having less, giving more: The influence of social class on prosocial behavior.},
	Url = {http://dx.doi.org/10.1037/a0020092},
	Volume = {99},
	Year = {2010},
	Bdsk-File-1 = {YnBsaXN0MDDSAQIDBFxyZWxhdGl2ZVBhdGhZYWxpYXNEYXRhXxAjLi4vZGlzc2VydGF0aW9uX3BhcGVycy9waWZmMjAxMC5wZGZPEQHEAAAAAAHEAAIAAAxNYWNpbnRvc2ggSEQAAAAAAAAAAAAAAAAAAAAAAAAAQkQAAf////8McGlmZjIwMTAucGRmAAAAAAAAAAAAAAAAAAAAAAAAAAAAAAAAAAAAAAAAAAAAAAAAAAAAAAAAAAAAAAAAAAAA/////wAAAAAAAAAAAAAAAAABAAIAAAogY3UAAAAAAAAAAAAAAAAAE2Rpc3NlcnRhdGlvbl9wYXBlcnMAAAIAYi86VXNlcnM6ZHlsYW53aXdhZDpEcm9wYm94Oldvcms6RGlzc2VydGF0aW9uOldyaXRpbmc6RGlzc2VydGF0aW9uOmRpc3NlcnRhdGlvbl9wYXBlcnM6cGlmZjIwMTAucGRmAA4AGgAMAHAAaQBmAGYAMgAwADEAMAAuAHAAZABmAA8AGgAMAE0AYQBjAGkAbgB0AG8AcwBoACAASABEABIAYFVzZXJzL2R5bGFud2l3YWQvRHJvcGJveC9Xb3JrL0Rpc3NlcnRhdGlvbi9Xcml0aW5nL0Rpc3NlcnRhdGlvbi9kaXNzZXJ0YXRpb25fcGFwZXJzL3BpZmYyMDEwLnBkZgATAAEvAAAVAAIAEf//AAAACAANABoAJABKAAAAAAAAAgEAAAAAAAAABQAAAAAAAAAAAAAAAAAAAhI=}}

@proceedings{ashok15,
	Author = {V Ashok and I Kuziemko and E Washington},
	Date-Added = {2019-04-12 11:47:43 -0700},
	Date-Modified = {2019-04-12 11:49:31 -0700},
	Organization = {Brookings Papers on Economic Activity},
	Title = {Support for Redistribution in an Age of Rising Inequality: New Stylized Facts and some Tentative Explanations},
	Year = {2015},
	Bdsk-File-1 = {YnBsaXN0MDDSAQIDBFxyZWxhdGl2ZVBhdGhZYWxpYXNEYXRhXxAkLi4vZGlzc2VydGF0aW9uX3BhcGVycy9hc2hvazIwMTUucGRmTxEBygAAAAABygACAAAMTWFjaW50b3NoIEhEAAAAAAAAAAAAAAAAAAAAAAAAAEJEAAH/////DWFzaG9rMjAxNS5wZGYAAAAAAAAAAAAAAAAAAAAAAAAAAAAAAAAAAAAAAAAAAAAAAAAAAAAAAAAAAAAAAAAAAP////8AAAAAAAAAAAAAAAAAAQACAAAKIGN1AAAAAAAAAAAAAAAAABNkaXNzZXJ0YXRpb25fcGFwZXJzAAACAGMvOlVzZXJzOmR5bGFud2l3YWQ6RHJvcGJveDpXb3JrOkRpc3NlcnRhdGlvbjpXcml0aW5nOkRpc3NlcnRhdGlvbjpkaXNzZXJ0YXRpb25fcGFwZXJzOmFzaG9rMjAxNS5wZGYAAA4AHAANAGEAcwBoAG8AawAyADAAMQA1AC4AcABkAGYADwAaAAwATQBhAGMAaQBuAHQAbwBzAGgAIABIAEQAEgBhVXNlcnMvZHlsYW53aXdhZC9Ecm9wYm94L1dvcmsvRGlzc2VydGF0aW9uL1dyaXRpbmcvRGlzc2VydGF0aW9uL2Rpc3NlcnRhdGlvbl9wYXBlcnMvYXNob2syMDE1LnBkZgAAEwABLwAAFQACABH//wAAAAgADQAaACQASwAAAAAAAAIBAAAAAAAAAAUAAAAAAAAAAAAAAAAAAAIZ}}

@article{rank15,
	Author = {Rank, M R and Hirschl, T A},
	Date-Added = {2019-04-12 11:43:11 -0700},
	Date-Modified = {2019-04-12 11:43:32 -0700},
	Doi = {10.1371/journal.pone.0133513},
	Issn = {1932-6203},
	Journal = {PLOS ONE},
	Month = {Jul},
	Number = {7},
	Pages = {e0133513},
	Publisher = {Public Library of Science (PLoS)},
	Title = {The Likelihood of Experiencing Relative Poverty over the Life Course},
	Url = {http://dx.doi.org/10.1371/journal.pone.0133513},
	Volume = {10},
	Year = {2015},
	Bdsk-File-1 = {YnBsaXN0MDDSAQIDBFxyZWxhdGl2ZVBhdGhZYWxpYXNEYXRhXxAjLi4vZGlzc2VydGF0aW9uX3BhcGVycy9yYW5rMjAxNS5QREZPEQHEAAAAAAHEAAIAAAxNYWNpbnRvc2ggSEQAAAAAAAAAAAAAAAAAAAAAAAAAQkQAAf////8McmFuazIwMTUuUERGAAAAAAAAAAAAAAAAAAAAAAAAAAAAAAAAAAAAAAAAAAAAAAAAAAAAAAAAAAAAAAAAAAAA/////wAAAAAAAAAAAAAAAAABAAIAAAogY3UAAAAAAAAAAAAAAAAAE2Rpc3NlcnRhdGlvbl9wYXBlcnMAAAIAYi86VXNlcnM6ZHlsYW53aXdhZDpEcm9wYm94Oldvcms6RGlzc2VydGF0aW9uOldyaXRpbmc6RGlzc2VydGF0aW9uOmRpc3NlcnRhdGlvbl9wYXBlcnM6cmFuazIwMTUuUERGAA4AGgAMAHIAYQBuAGsAMgAwADEANQAuAFAARABGAA8AGgAMAE0AYQBjAGkAbgB0AG8AcwBoACAASABEABIAYFVzZXJzL2R5bGFud2l3YWQvRHJvcGJveC9Xb3JrL0Rpc3NlcnRhdGlvbi9Xcml0aW5nL0Rpc3NlcnRhdGlvbi9kaXNzZXJ0YXRpb25fcGFwZXJzL3JhbmsyMDE1LlBERgATAAEvAAAVAAIAEf//AAAACAANABoAJABKAAAAAAAAAgEAAAAAAAAABQAAAAAAAAAAAAAAAAAAAhI=}}

@article{hirschl15,
	Author = {Hirschl, T A and Rank, Mark R},
	Date-Added = {2019-04-12 11:43:04 -0700},
	Date-Modified = {2019-04-12 11:44:12 -0700},
	Doi = {10.1371/journal.pone.0116370},
	Issn = {1932-6203},
	Journal = {PLOS ONE},
	Month = {Jan},
	Number = {1},
	Pages = {e0116370},
	Publisher = {Public Library of Science (PLoS)},
	Title = {The Life Course Dynamics of Affluence},
	Url = {http://dx.doi.org/10.1371/journal.pone.0116370},
	Volume = {10},
	Year = {2015},
	Bdsk-File-1 = {YnBsaXN0MDDSAQIDBFxyZWxhdGl2ZVBhdGhZYWxpYXNEYXRhXxAmLi4vZGlzc2VydGF0aW9uX3BhcGVycy9oaXJzY2hsMjAxNS5QREZPEQHSAAAAAAHSAAIAAAxNYWNpbnRvc2ggSEQAAAAAAAAAAAAAAAAAAAAAAAAAQkQAAf////8PaGlyc2NobDIwMTUuUERGAAAAAAAAAAAAAAAAAAAAAAAAAAAAAAAAAAAAAAAAAAAAAAAAAAAAAAAAAAAAAAAA/////wAAAAAAAAAAAAAAAAABAAIAAAogY3UAAAAAAAAAAAAAAAAAE2Rpc3NlcnRhdGlvbl9wYXBlcnMAAAIAZS86VXNlcnM6ZHlsYW53aXdhZDpEcm9wYm94Oldvcms6RGlzc2VydGF0aW9uOldyaXRpbmc6RGlzc2VydGF0aW9uOmRpc3NlcnRhdGlvbl9wYXBlcnM6aGlyc2NobDIwMTUuUERGAAAOACAADwBoAGkAcgBzAGMAaABsADIAMAAxADUALgBQAEQARgAPABoADABNAGEAYwBpAG4AdABvAHMAaAAgAEgARAASAGNVc2Vycy9keWxhbndpd2FkL0Ryb3Bib3gvV29yay9EaXNzZXJ0YXRpb24vV3JpdGluZy9EaXNzZXJ0YXRpb24vZGlzc2VydGF0aW9uX3BhcGVycy9oaXJzY2hsMjAxNS5QREYAABMAAS8AABUAAgAR//8AAAAIAA0AGgAkAE0AAAAAAAACAQAAAAAAAAAFAAAAAAAAAAAAAAAAAAACIw==}}

@article{gilbert95,
	Author = {D T Gilbert and P S Malone},
	Date-Added = {2019-04-12 11:34:15 -0700},
	Date-Modified = {2019-04-12 11:34:58 -0700},
	Journal = {Psychological Bulletin},
	Number = {1},
	Pages = {21-38},
	Title = {The Correspondence Bias},
	Volume = {117},
	Year = {1995},
	Bdsk-File-1 = {YnBsaXN0MDDSAQIDBFxyZWxhdGl2ZVBhdGhZYWxpYXNEYXRhXxAmLi4vZGlzc2VydGF0aW9uX3BhcGVycy9naWxiZXJ0MTk5NS5wZGZPEQHSAAAAAAHSAAIAAAxNYWNpbnRvc2ggSEQAAAAAAAAAAAAAAAAAAAAAAAAAQkQAAf////8PZ2lsYmVydDE5OTUucGRmAAAAAAAAAAAAAAAAAAAAAAAAAAAAAAAAAAAAAAAAAAAAAAAAAAAAAAAAAAAAAAAA/////wAAAAAAAAAAAAAAAAABAAIAAAogY3UAAAAAAAAAAAAAAAAAE2Rpc3NlcnRhdGlvbl9wYXBlcnMAAAIAZS86VXNlcnM6ZHlsYW53aXdhZDpEcm9wYm94Oldvcms6RGlzc2VydGF0aW9uOldyaXRpbmc6RGlzc2VydGF0aW9uOmRpc3NlcnRhdGlvbl9wYXBlcnM6Z2lsYmVydDE5OTUucGRmAAAOACAADwBnAGkAbABiAGUAcgB0ADEAOQA5ADUALgBwAGQAZgAPABoADABNAGEAYwBpAG4AdABvAHMAaAAgAEgARAASAGNVc2Vycy9keWxhbndpd2FkL0Ryb3Bib3gvV29yay9EaXNzZXJ0YXRpb24vV3JpdGluZy9EaXNzZXJ0YXRpb24vZGlzc2VydGF0aW9uX3BhcGVycy9naWxiZXJ0MTk5NS5wZGYAABMAAS8AABUAAgAR//8AAAAIAA0AGgAkAE0AAAAAAAACAQAAAAAAAAAFAAAAAAAAAAAAAAAAAAACIw==}}

@manual{statcan18,
	Address = {https://www150.statcan.gc.ca/t1/tbl1/en/tv.action?pid=1110024101},
	Author = {{Statistics Canada}},
	Date-Added = {2019-04-11 16:00:16 -0700},
	Date-Modified = {2019-04-11 16:02:01 -0700},
	Month = {November},
	Title = {Low income cut-offs (LICOs) before and after tax by community size and family size, in current dollars},
	Year = {2018}}

@article{solomon78,
	Author = {S Solomon},
	Date-Added = {2019-04-11 11:20:12 -0700},
	Date-Modified = {2019-04-11 11:21:13 -0700},
	Journal = {Personality and Social Psychology Bulletin},
	Month = {594},
	Number = {4},
	Pages = {589},
	Title = {Measuring Dispositional and Situational Attributions},
	Volume = {4},
	Year = {1978},
	Bdsk-File-1 = {YnBsaXN0MDDSAQIDBFxyZWxhdGl2ZVBhdGhZYWxpYXNEYXRhXxAmLi4vZGlzc2VydGF0aW9uX3BhcGVycy9zb2xvbW9uMTk3OC5wZGZPEQHSAAAAAAHSAAIAAAxNYWNpbnRvc2ggSEQAAAAAAAAAAAAAAAAAAAAAAAAAQkQAAf////8Pc29sb21vbjE5NzgucGRmAAAAAAAAAAAAAAAAAAAAAAAAAAAAAAAAAAAAAAAAAAAAAAAAAAAAAAAAAAAAAAAA/////wAAAAAAAAAAAAAAAAABAAIAAAogY3UAAAAAAAAAAAAAAAAAE2Rpc3NlcnRhdGlvbl9wYXBlcnMAAAIAZS86VXNlcnM6ZHlsYW53aXdhZDpEcm9wYm94Oldvcms6RGlzc2VydGF0aW9uOldyaXRpbmc6RGlzc2VydGF0aW9uOmRpc3NlcnRhdGlvbl9wYXBlcnM6c29sb21vbjE5NzgucGRmAAAOACAADwBzAG8AbABvAG0AbwBuADEAOQA3ADgALgBwAGQAZgAPABoADABNAGEAYwBpAG4AdABvAHMAaAAgAEgARAASAGNVc2Vycy9keWxhbndpd2FkL0Ryb3Bib3gvV29yay9EaXNzZXJ0YXRpb24vV3JpdGluZy9EaXNzZXJ0YXRpb24vZGlzc2VydGF0aW9uX3BhcGVycy9zb2xvbW9uMTk3OC5wZGYAABMAAS8AABUAAgAR//8AAAAIAA0AGgAkAE0AAAAAAAACAQAAAAAAAAAFAAAAAAAAAAAAAAAAAAACIw==}}

@article{krohn76,
	Author = {M D Krohn},
	Date-Added = {2019-04-08 17:21:19 -0700},
	Date-Modified = {2019-04-08 17:22:11 -0700},
	Journal = {The Sociological Quarterly},
	Number = {3},
	Pages = {303-313},
	Title = {Inequality, Unemployment and Crime: A cross-national analysis},
	Volume = {17},
	Year = {1976},
	Bdsk-File-1 = {YnBsaXN0MDDSAQIDBFxyZWxhdGl2ZVBhdGhZYWxpYXNEYXRhXxAkLi4vZGlzc2VydGF0aW9uX3BhcGVycy9rcm9objE5NzYucGRmTxEBygAAAAABygACAAAMTWFjaW50b3NoIEhEAAAAAAAAAAAAAAAAAAAAAAAAAEJEAAH/////DWtyb2huMTk3Ni5wZGYAAAAAAAAAAAAAAAAAAAAAAAAAAAAAAAAAAAAAAAAAAAAAAAAAAAAAAAAAAAAAAAAAAP////8AAAAAAAAAAAAAAAAAAQACAAAKIGN1AAAAAAAAAAAAAAAAABNkaXNzZXJ0YXRpb25fcGFwZXJzAAACAGMvOlVzZXJzOmR5bGFud2l3YWQ6RHJvcGJveDpXb3JrOkRpc3NlcnRhdGlvbjpXcml0aW5nOkRpc3NlcnRhdGlvbjpkaXNzZXJ0YXRpb25fcGFwZXJzOmtyb2huMTk3Ni5wZGYAAA4AHAANAGsAcgBvAGgAbgAxADkANwA2AC4AcABkAGYADwAaAAwATQBhAGMAaQBuAHQAbwBzAGgAIABIAEQAEgBhVXNlcnMvZHlsYW53aXdhZC9Ecm9wYm94L1dvcmsvRGlzc2VydGF0aW9uL1dyaXRpbmcvRGlzc2VydGF0aW9uL2Rpc3NlcnRhdGlvbl9wYXBlcnMva3JvaG4xOTc2LnBkZgAAEwABLwAAFQACABH//wAAAAgADQAaACQASwAAAAAAAAIBAAAAAAAAAAUAAAAAAAAAAAAAAAAAAAIZ}}

@article{taylor76,
	Author = {S E Taylor and J H Kouvumaki},
	Date-Added = {2019-04-08 17:15:34 -0700},
	Date-Modified = {2019-04-08 17:16:37 -0700},
	Journal = {Journal of Personality and Social Psychology},
	Number = {4},
	Pages = {403-408},
	Title = {The Perception of Self and Others: Acquaintanceship, Affect, and Actor-Observer Differences},
	Volume = {33},
	Year = {1976},
	Bdsk-File-1 = {YnBsaXN0MDDSAQIDBFxyZWxhdGl2ZVBhdGhZYWxpYXNEYXRhXxAjLi4vZGlzc2VydGF0aW9uX3BhcGVycy90YXlsb3I3Ni5wZGZPEQHEAAAAAAHEAAIAAAxNYWNpbnRvc2ggSEQAAAAAAAAAAAAAAAAAAAAAAAAAQkQAAf////8MdGF5bG9yNzYucGRmAAAAAAAAAAAAAAAAAAAAAAAAAAAAAAAAAAAAAAAAAAAAAAAAAAAAAAAAAAAAAAAAAAAA/////wAAAAAAAAAAAAAAAAABAAIAAAogY3UAAAAAAAAAAAAAAAAAE2Rpc3NlcnRhdGlvbl9wYXBlcnMAAAIAYi86VXNlcnM6ZHlsYW53aXdhZDpEcm9wYm94Oldvcms6RGlzc2VydGF0aW9uOldyaXRpbmc6RGlzc2VydGF0aW9uOmRpc3NlcnRhdGlvbl9wYXBlcnM6dGF5bG9yNzYucGRmAA4AGgAMAHQAYQB5AGwAbwByADcANgAuAHAAZABmAA8AGgAMAE0AYQBjAGkAbgB0AG8AcwBoACAASABEABIAYFVzZXJzL2R5bGFud2l3YWQvRHJvcGJveC9Xb3JrL0Rpc3NlcnRhdGlvbi9Xcml0aW5nL0Rpc3NlcnRhdGlvbi9kaXNzZXJ0YXRpb25fcGFwZXJzL3RheWxvcjc2LnBkZgATAAEvAAAVAAIAEf//AAAACAANABoAJABKAAAAAAAAAgEAAAAAAAAABQAAAAAAAAAAAAAAAAAAAhI=}}

@book{smith93,
	Address = {Hemel Hempstead, UK},
	Author = {P B Smith and M H Bond},
	Date-Added = {2019-04-08 17:01:12 -0700},
	Date-Modified = {2019-04-08 17:02:11 -0700},
	Publisher = {Harvester Wheatsheaf},
	Title = {Social Psychology Across Cultures},
	Year = {1993}}

@conference{kelley67,
	Author = {H H Kelley},
	Booktitle = {Nebraska Symposium on Motivation},
	Date-Added = {2019-04-08 16:53:57 -0700},
	Date-Modified = {2019-04-08 16:54:37 -0700},
	Pages = {192-238},
	Title = {Attribution Theory in Social Psychology},
	Year = {15}}

@article{pellegrino17,
	Author = {Pellegrino, R and Sinding, C and de Wijk, R A and Hummel, T},
	Date-Added = {2019-04-08 16:34:07 -0700},
	Date-Modified = {2019-04-08 17:55:23 -0700},
	Doi = {10.1016/j.physbeh.2017.04.006},
	Issn = {0031-9384},
	Journal = {Physiology \& Behavior},
	Month = {Aug},
	Pages = {13--19},
	Publisher = {Elsevier BV},
	Title = {Habituation and adaptation to odors in humans},
	Url = {http://dx.doi.org/10.1016/j.physbeh.2017.04.006},
	Volume = {177},
	Year = {2017},
	Bdsk-File-1 = {YnBsaXN0MDDSAQIDBFxyZWxhdGl2ZVBhdGhZYWxpYXNEYXRhXxApLi4vZGlzc2VydGF0aW9uX3BhcGVycy9wZWxsZWdyaW5vMjAxNy5wZGZPEQHcAAAAAAHcAAIAAAxNYWNpbnRvc2ggSEQAAAAAAAAAAAAAAAAAAAAAAAAAQkQAAf////8ScGVsbGVncmlubzIwMTcucGRmAAAAAAAAAAAAAAAAAAAAAAAAAAAAAAAAAAAAAAAAAAAAAAAAAAAAAAAAAAAA/////wAAAAAAAAAAAAAAAAABAAIAAAogY3UAAAAAAAAAAAAAAAAAE2Rpc3NlcnRhdGlvbl9wYXBlcnMAAAIAaC86VXNlcnM6ZHlsYW53aXdhZDpEcm9wYm94Oldvcms6RGlzc2VydGF0aW9uOldyaXRpbmc6RGlzc2VydGF0aW9uOmRpc3NlcnRhdGlvbl9wYXBlcnM6cGVsbGVncmlubzIwMTcucGRmAA4AJgASAHAAZQBsAGwAZQBnAHIAaQBuAG8AMgAwADEANwAuAHAAZABmAA8AGgAMAE0AYQBjAGkAbgB0AG8AcwBoACAASABEABIAZlVzZXJzL2R5bGFud2l3YWQvRHJvcGJveC9Xb3JrL0Rpc3NlcnRhdGlvbi9Xcml0aW5nL0Rpc3NlcnRhdGlvbi9kaXNzZXJ0YXRpb25fcGFwZXJzL3BlbGxlZ3Jpbm8yMDE3LnBkZgATAAEvAAAVAAIAEf//AAAACAANABoAJABQAAAAAAAAAgEAAAAAAAAABQAAAAAAAAAAAAAAAAAAAjA=}}

@book{heider58,
	Address = {Hoboken, NJ},
	Author = {F Heider},
	Date-Added = {2019-04-08 16:25:34 -0700},
	Date-Modified = {2019-04-08 16:30:39 -0700},
	Publisher = {John Wiley \& Sons},
	Title = {The Psychology of Interpersonal Relations},
	Year = {1958}}

@book{lewin35,
	Address = {New York, NY},
	Author = {K Lewin},
	Date-Added = {2019-04-08 16:23:10 -0700},
	Date-Modified = {2019-04-08 16:25:00 -0700},
	Publisher = {McGraw-Hill},
	Title = {The Dynamic Theory of Personality},
	Year = {1935}}

@article{kelley73,
	Author = {H H Kelley},
	Date-Added = {2019-04-08 16:21:58 -0700},
	Date-Modified = {2019-04-08 16:22:51 -0700},
	Journal = {American Psychologist},
	Number = {2},
	Pages = {107-128},
	Title = {The Processes of Causal Attribution},
	Volume = {28},
	Year = {1973},
	Bdsk-File-1 = {YnBsaXN0MDDSAQIDBFxyZWxhdGl2ZVBhdGhZYWxpYXNEYXRhXxAlLi4vZGlzc2VydGF0aW9uX3BhcGVycy9rZWxsZXkxOTczLnBkZk8RAcwAAAAAAcwAAgAADE1hY2ludG9zaCBIRAAAAAAAAAAAAAAAAAAAAAAAAABCRAAB/////w5rZWxsZXkxOTczLnBkZgAAAAAAAAAAAAAAAAAAAAAAAAAAAAAAAAAAAAAAAAAAAAAAAAAAAAAAAAAAAAAAAAD/////AAAAAAAAAAAAAAAAAAEAAgAACiBjdQAAAAAAAAAAAAAAAAATZGlzc2VydGF0aW9uX3BhcGVycwAAAgBkLzpVc2VyczpkeWxhbndpd2FkOkRyb3Bib3g6V29yazpEaXNzZXJ0YXRpb246V3JpdGluZzpEaXNzZXJ0YXRpb246ZGlzc2VydGF0aW9uX3BhcGVyczprZWxsZXkxOTczLnBkZgAOAB4ADgBrAGUAbABsAGUAeQAxADkANwAzAC4AcABkAGYADwAaAAwATQBhAGMAaQBuAHQAbwBzAGgAIABIAEQAEgBiVXNlcnMvZHlsYW53aXdhZC9Ecm9wYm94L1dvcmsvRGlzc2VydGF0aW9uL1dyaXRpbmcvRGlzc2VydGF0aW9uL2Rpc3NlcnRhdGlvbl9wYXBlcnMva2VsbGV5MTk3My5wZGYAEwABLwAAFQACABH//wAAAAgADQAaACQATAAAAAAAAAIBAAAAAAAAAAUAAAAAAAAAAAAAAAAAAAIc}}

@article{white59,
	Author = {R W White},
	Date-Added = {2019-04-08 16:19:51 -0700},
	Date-Modified = {2019-04-08 16:20:50 -0700},
	Journal = {Psychological Review},
	Number = {5},
	Pages = {297-333},
	Title = {Motivation reconsidered: The concept of competence},
	Volume = {66},
	Year = {1959},
	Bdsk-File-1 = {YnBsaXN0MDDSAQIDBFxyZWxhdGl2ZVBhdGhZYWxpYXNEYXRhXxAkLi4vZGlzc2VydGF0aW9uX3BhcGVycy93aGl0ZTE5NTkucGRmTxEBygAAAAABygACAAAMTWFjaW50b3NoIEhEAAAAAAAAAAAAAAAAAAAAAAAAAEJEAAH/////DXdoaXRlMTk1OS5wZGYAAAAAAAAAAAAAAAAAAAAAAAAAAAAAAAAAAAAAAAAAAAAAAAAAAAAAAAAAAAAAAAAAAP////8AAAAAAAAAAAAAAAAAAQACAAAKIGN1AAAAAAAAAAAAAAAAABNkaXNzZXJ0YXRpb25fcGFwZXJzAAACAGMvOlVzZXJzOmR5bGFud2l3YWQ6RHJvcGJveDpXb3JrOkRpc3NlcnRhdGlvbjpXcml0aW5nOkRpc3NlcnRhdGlvbjpkaXNzZXJ0YXRpb25fcGFwZXJzOndoaXRlMTk1OS5wZGYAAA4AHAANAHcAaABpAHQAZQAxADkANQA5AC4AcABkAGYADwAaAAwATQBhAGMAaQBuAHQAbwBzAGgAIABIAEQAEgBhVXNlcnMvZHlsYW53aXdhZC9Ecm9wYm94L1dvcmsvRGlzc2VydGF0aW9uL1dyaXRpbmcvRGlzc2VydGF0aW9uL2Rpc3NlcnRhdGlvbl9wYXBlcnMvd2hpdGUxOTU5LnBkZgAAEwABLwAAFQACABH//wAAAAgADQAaACQASwAAAAAAAAIBAAAAAAAAAAUAAAAAAAAAAAAAAAAAAAIZ}}

@article{ariely00,
	Author = {D Ariely and J Levav},
	Date-Added = {2019-04-08 16:17:16 -0700},
	Date-Modified = {2019-04-08 16:18:32 -0700},
	Journal = {Journal of Consumer Research},
	Number = {3},
	Pages = {279-290},
	Title = {Sequential choice in group settings: Taking the road less traveled and less enjoyed},
	Volume = {27},
	Year = {2000},
	Bdsk-File-1 = {YnBsaXN0MDDSAQIDBFxyZWxhdGl2ZVBhdGhZYWxpYXNEYXRhXxAlLi4vZGlzc2VydGF0aW9uX3BhcGVycy9hcmllbHkyMDAwLnBkZk8RAcwAAAAAAcwAAgAADE1hY2ludG9zaCBIRAAAAAAAAAAAAAAAAAAAAAAAAABCRAAB/////w5hcmllbHkyMDAwLnBkZgAAAAAAAAAAAAAAAAAAAAAAAAAAAAAAAAAAAAAAAAAAAAAAAAAAAAAAAAAAAAAAAAD/////AAAAAAAAAAAAAAAAAAEAAgAACiBjdQAAAAAAAAAAAAAAAAATZGlzc2VydGF0aW9uX3BhcGVycwAAAgBkLzpVc2VyczpkeWxhbndpd2FkOkRyb3Bib3g6V29yazpEaXNzZXJ0YXRpb246V3JpdGluZzpEaXNzZXJ0YXRpb246ZGlzc2VydGF0aW9uX3BhcGVyczphcmllbHkyMDAwLnBkZgAOAB4ADgBhAHIAaQBlAGwAeQAyADAAMAAwAC4AcABkAGYADwAaAAwATQBhAGMAaQBuAHQAbwBzAGgAIABIAEQAEgBiVXNlcnMvZHlsYW53aXdhZC9Ecm9wYm94L1dvcmsvRGlzc2VydGF0aW9uL1dyaXRpbmcvRGlzc2VydGF0aW9uL2Rpc3NlcnRhdGlvbl9wYXBlcnMvYXJpZWx5MjAwMC5wZGYAEwABLwAAFQACABH//wAAAAgADQAaACQATAAAAAAAAAIBAAAAAAAAAAUAAAAAAAAAAAAAAAAAAAIc}}

@inbook{bullock95,
	Address = {New York, NY},
	Author = {H E Bullock},
	Date-Added = {2019-04-08 15:59:40 -0700},
	Date-Modified = {2019-04-08 16:02:15 -0700},
	Editor = {B Lott and D Maluso},
	Pages = {118-159},
	Publisher = {Guilford Press},
	Series = {The Social Psychology of Interpersonal Discrimination},
	Title = {Class acts: Middle-class responses to the poor},
	Year = {1995}}

@url{mccarthy16,
	Author = {J McCarthy},
	Date-Added = {2019-04-08 15:48:39 -0700},
	Date-Modified = {2019-04-08 15:53:18 -0700},
	Lastchecked = {April 8, 2019},
	Title = {Economy continues to rank as top U.S. problem},
	Urldate = {http://www.gallup.com/poll/191513/economy-continues-rank-top-problem.aspx}}

@article{wilson97,
	Author = {M Wilson and M Daly},
	Date-Added = {2019-03-22 16:16:51 -0700},
	Date-Modified = {2019-03-22 16:18:02 -0700},
	Journal = {British Journal of Medicine},
	Pages = {1271-1274},
	Title = {Life Expectancy, Economic Inequality, Homicide, and Reproductive Timing in Chicago Neighbourhoods},
	Volume = {314},
	Year = {1997},
	Bdsk-File-1 = {YnBsaXN0MDDSAQIDBFxyZWxhdGl2ZVBhdGhZYWxpYXNEYXRhXxAjLi4vZGlzc2VydGF0aW9uX3BhcGVycy93aWxzb245Ny5wZGZPEQHEAAAAAAHEAAIAAAxNYWNpbnRvc2ggSEQAAAAAAAAAAAAAAAAAAAAAAAAAQkQAAf////8Md2lsc29uOTcucGRmAAAAAAAAAAAAAAAAAAAAAAAAAAAAAAAAAAAAAAAAAAAAAAAAAAAAAAAAAAAAAAAAAAAA/////wAAAAAAAAAAAAAAAAABAAIAAAogY3UAAAAAAAAAAAAAAAAAE2Rpc3NlcnRhdGlvbl9wYXBlcnMAAAIAYi86VXNlcnM6ZHlsYW53aXdhZDpEcm9wYm94Oldvcms6RGlzc2VydGF0aW9uOldyaXRpbmc6RGlzc2VydGF0aW9uOmRpc3NlcnRhdGlvbl9wYXBlcnM6d2lsc29uOTcucGRmAA4AGgAMAHcAaQBsAHMAbwBuADkANwAuAHAAZABmAA8AGgAMAE0AYQBjAGkAbgB0AG8AcwBoACAASABEABIAYFVzZXJzL2R5bGFud2l3YWQvRHJvcGJveC9Xb3JrL0Rpc3NlcnRhdGlvbi9Xcml0aW5nL0Rpc3NlcnRhdGlvbi9kaXNzZXJ0YXRpb25fcGFwZXJzL3dpbHNvbjk3LnBkZgATAAEvAAAVAAIAEf//AAAACAANABoAJABKAAAAAAAAAgEAAAAAAAAABQAAAAAAAAAAAAAAAAAAAhI=}}

@article{kawachi97,
	Author = {I Kawachi and B P Kennedy and K Lochner and D Prothrow-Stith},
	Date-Added = {2019-03-22 16:14:19 -0700},
	Date-Modified = {2019-03-22 16:15:30 -0700},
	Journal = {American Journal of Public Health},
	Number = {9},
	Pages = {1491-1498},
	Title = {Social Capital, Income Inequality, and Mortality},
	Volume = {87},
	Year = {1997},
	Bdsk-File-1 = {YnBsaXN0MDDSAQIDBFxyZWxhdGl2ZVBhdGhZYWxpYXNEYXRhXxAkLi4vZGlzc2VydGF0aW9uX3BhcGVycy9rYXdhY2hpOTcucGRmTxEBygAAAAABygACAAAMTWFjaW50b3NoIEhEAAAAAAAAAAAAAAAAAAAAAAAAAEJEAAH/////DWthd2FjaGk5Ny5wZGYAAAAAAAAAAAAAAAAAAAAAAAAAAAAAAAAAAAAAAAAAAAAAAAAAAAAAAAAAAAAAAAAAAP////8AAAAAAAAAAAAAAAAAAQACAAAKIGN1AAAAAAAAAAAAAAAAABNkaXNzZXJ0YXRpb25fcGFwZXJzAAACAGMvOlVzZXJzOmR5bGFud2l3YWQ6RHJvcGJveDpXb3JrOkRpc3NlcnRhdGlvbjpXcml0aW5nOkRpc3NlcnRhdGlvbjpkaXNzZXJ0YXRpb25fcGFwZXJzOmthd2FjaGk5Ny5wZGYAAA4AHAANAGsAYQB3AGEAYwBoAGkAOQA3AC4AcABkAGYADwAaAAwATQBhAGMAaQBuAHQAbwBzAGgAIABIAEQAEgBhVXNlcnMvZHlsYW53aXdhZC9Ecm9wYm94L1dvcmsvRGlzc2VydGF0aW9uL1dyaXRpbmcvRGlzc2VydGF0aW9uL2Rpc3NlcnRhdGlvbl9wYXBlcnMva2F3YWNoaTk3LnBkZgAAEwABLwAAFQACABH//wAAAAgADQAaACQASwAAAAAAAAIBAAAAAAAAAAUAAAAAAAAAAAAAAAAAAAIZ}}

@article{wilkinson06b,
	Author = {R G Wilkinson},
	Date-Added = {2019-03-22 16:11:25 -0700},
	Date-Modified = {2019-03-22 16:12:13 -0700},
	Journal = {Social Research},
	Number = {2},
	Pages = {711-732},
	Title = {The Impact of Inequality},
	Volume = {73},
	Year = {2006},
	Bdsk-File-1 = {YnBsaXN0MDDSAQIDBFxyZWxhdGl2ZVBhdGhZYWxpYXNEYXRhXxAmLi4vZGlzc2VydGF0aW9uX3BhcGVycy93aWxraW5zb24wNi5wZGZPEQHSAAAAAAHSAAIAAAxNYWNpbnRvc2ggSEQAAAAAAAAAAAAAAAAAAAAAAAAAQkQAAf////8Pd2lsa2luc29uMDYucGRmAAAAAAAAAAAAAAAAAAAAAAAAAAAAAAAAAAAAAAAAAAAAAAAAAAAAAAAAAAAAAAAA/////wAAAAAAAAAAAAAAAAABAAIAAAogY3UAAAAAAAAAAAAAAAAAE2Rpc3NlcnRhdGlvbl9wYXBlcnMAAAIAZS86VXNlcnM6ZHlsYW53aXdhZDpEcm9wYm94Oldvcms6RGlzc2VydGF0aW9uOldyaXRpbmc6RGlzc2VydGF0aW9uOmRpc3NlcnRhdGlvbl9wYXBlcnM6d2lsa2luc29uMDYucGRmAAAOACAADwB3AGkAbABrAGkAbgBzAG8AbgAwADYALgBwAGQAZgAPABoADABNAGEAYwBpAG4AdABvAHMAaAAgAEgARAASAGNVc2Vycy9keWxhbndpd2FkL0Ryb3Bib3gvV29yay9EaXNzZXJ0YXRpb24vV3JpdGluZy9EaXNzZXJ0YXRpb24vZGlzc2VydGF0aW9uX3BhcGVycy93aWxraW5zb24wNi5wZGYAABMAAS8AABUAAgAR//8AAAAIAA0AGgAkAE0AAAAAAAACAQAAAAAAAAAFAAAAAAAAAAAAAAAAAAACIw==}}

@techreport{wolff10,
	Author = {E N Wolff},
	Date-Added = {2019-03-22 16:05:20 -0700},
	Date-Modified = {2019-03-22 16:09:43 -0700},
	Institution = {Levy Economics Institute of Bard College},
	Number = {589},
	Title = {Recent Trends in Household Wealth in the United States: Rising Debt and the Middle-Class Squeeze--an Update to 2007},
	Type = {Working Paper},
	Year = {2010},
	Bdsk-File-1 = {YnBsaXN0MDDSAQIDBFxyZWxhdGl2ZVBhdGhZYWxpYXNEYXRhXxAkLi4vZGlzc2VydGF0aW9uX3BhcGVycy93b2xmZjIwMTAucGRmTxEBygAAAAABygACAAAMTWFjaW50b3NoIEhEAAAAAAAAAAAAAAAAAAAAAAAAAEJEAAH/////DXdvbGZmMjAxMC5wZGYAAAAAAAAAAAAAAAAAAAAAAAAAAAAAAAAAAAAAAAAAAAAAAAAAAAAAAAAAAAAAAAAAAP////8AAAAAAAAAAAAAAAAAAQACAAAKIGN1AAAAAAAAAAAAAAAAABNkaXNzZXJ0YXRpb25fcGFwZXJzAAACAGMvOlVzZXJzOmR5bGFud2l3YWQ6RHJvcGJveDpXb3JrOkRpc3NlcnRhdGlvbjpXcml0aW5nOkRpc3NlcnRhdGlvbjpkaXNzZXJ0YXRpb25fcGFwZXJzOndvbGZmMjAxMC5wZGYAAA4AHAANAHcAbwBsAGYAZgAyADAAMQAwAC4AcABkAGYADwAaAAwATQBhAGMAaQBuAHQAbwBzAGgAIABIAEQAEgBhVXNlcnMvZHlsYW53aXdhZC9Ecm9wYm94L1dvcmsvRGlzc2VydGF0aW9uL1dyaXRpbmcvRGlzc2VydGF0aW9uL2Rpc3NlcnRhdGlvbl9wYXBlcnMvd29sZmYyMDEwLnBkZgAAEwABLwAAFQACABH//wAAAAgADQAaACQASwAAAAAAAAIBAAAAAAAAAAUAAAAAAAAAAAAAAAAAAAIZ}}

@url{inequalityorg17,
	Author = {Inequality.org},
	Date-Added = {2019-03-22 16:03:36 -0700},
	Date-Modified = {2019-04-08 17:48:56 -0700},
	Lastchecked = {March 22 2019},
	Title = {Facts: Wealth Inequality in the United States},
	Url = {https://inequality.org/facts/wealth-inequality/},
	Year = {2017},
	Bdsk-Url-1 = {https://inequality.org/facts/wealth-inequality/}}

@webpage{obama13,
	Author = {B H Obama},
	Date-Added = {2019-03-22 15:56:44 -0700},
	Date-Modified = {2019-04-08 17:54:54 -0700},
	Lastchecked = {March 22, 2019},
	Month = {January},
	Title = {Inaugural Address by President Barack Obama},
	Url = {https://obamawhitehouse.archives.gov/the-press-office/2013/01/21/inaugural-address-president-barack-obama},
	Year = {2013},
	Bdsk-Url-1 = {https://obamawhitehouse.archives.gov/the-press-office/2013/01/21/inaugural-address-president-barack-obama}}

@article{piketty14,
	Author = {T Piketty and E Saez},
	Date-Added = {2019-03-22 15:53:24 -0700},
	Date-Modified = {2019-04-08 17:56:34 -0700},
	Journal = {Science},
	Number = {6186},
	Pages = {838-843},
	Title = {Inequality in the long run},
	Volume = {344},
	Year = {2014},
	Bdsk-File-1 = {YnBsaXN0MDDSAQIDBFxyZWxhdGl2ZVBhdGhZYWxpYXNEYXRhXxAoLi4vZGlzc2VydGF0aW9uX3BhcGVycy9waWtldHR5c2FlejE0LnBkZk8RAdoAAAAAAdoAAgAADE1hY2ludG9zaCBIRAAAAAAAAAAAAAAAAAAAAAAAAABCRAAB/////xFwaWtldHR5c2FlejE0LnBkZgAAAAAAAAAAAAAAAAAAAAAAAAAAAAAAAAAAAAAAAAAAAAAAAAAAAAAAAAAAAAD/////AAAAAAAAAAAAAAAAAAEAAgAACiBjdQAAAAAAAAAAAAAAAAATZGlzc2VydGF0aW9uX3BhcGVycwAAAgBnLzpVc2VyczpkeWxhbndpd2FkOkRyb3Bib3g6V29yazpEaXNzZXJ0YXRpb246V3JpdGluZzpEaXNzZXJ0YXRpb246ZGlzc2VydGF0aW9uX3BhcGVyczpwaWtldHR5c2FlejE0LnBkZgAADgAkABEAcABpAGsAZQB0AHQAeQBzAGEAZQB6ADEANAAuAHAAZABmAA8AGgAMAE0AYQBjAGkAbgB0AG8AcwBoACAASABEABIAZVVzZXJzL2R5bGFud2l3YWQvRHJvcGJveC9Xb3JrL0Rpc3NlcnRhdGlvbi9Xcml0aW5nL0Rpc3NlcnRhdGlvbi9kaXNzZXJ0YXRpb25fcGFwZXJzL3Bpa2V0dHlzYWV6MTQucGRmAAATAAEvAAAVAAIAEf//AAAACAANABoAJABPAAAAAAAAAgEAAAAAAAAABQAAAAAAAAAAAAAAAAAAAi0=}}

@article{ross18,
	Author = {L Ross},
	Date-Added = {2018-11-14 08:54:16 -0600},
	Date-Modified = {2019-04-08 17:57:07 -0700},
	Journal = {Perspectives on Psychological Science},
	Number = {6},
	Pages = {1-20},
	Title = {From the Fundamental Attribution Error to the Truly Fundamental Attribution Error and Beyond: My Research Journey},
	Volume = {13},
	Year = {2018},
	Bdsk-File-1 = {YnBsaXN0MDDSAQIDBFxyZWxhdGl2ZVBhdGhZYWxpYXNEYXRhXxA6Li4vZGlzc2VydGF0aW9uX3BhcGVycy9BdHRyaWJ1dGlvbnMgYW5kIFBvdmVydHkvUm9zczE4LnBkZk8RAfQAAAAAAfQAAgAADE1hY2ludG9zaCBIRAAAAAAAAAAAAAAAAAAAAAAAAABCRAAB/////wpSb3NzMTgucGRmAAAAAAAAAAAAAAAAAAAAAAAAAAAAAAAAAAAAAAAAAAAAAAAAAAAAAAAAAAAAAAAAAAAAAAD/////AAAAAAAAAAAAAAAAAAEAAwAACiBjdQAAAAAAAAAAAAAAAAAYQXR0cmlidXRpb25zIGFuZCBQb3ZlcnR5AAIAeS86VXNlcnM6ZHlsYW53aXdhZDpEcm9wYm94Oldvcms6RGlzc2VydGF0aW9uOldyaXRpbmc6RGlzc2VydGF0aW9uOmRpc3NlcnRhdGlvbl9wYXBlcnM6QXR0cmlidXRpb25zIGFuZCBQb3ZlcnR5OlJvc3MxOC5wZGYAAA4AFgAKAFIAbwBzAHMAMQA4AC4AcABkAGYADwAaAAwATQBhAGMAaQBuAHQAbwBzAGgAIABIAEQAEgB3VXNlcnMvZHlsYW53aXdhZC9Ecm9wYm94L1dvcmsvRGlzc2VydGF0aW9uL1dyaXRpbmcvRGlzc2VydGF0aW9uL2Rpc3NlcnRhdGlvbl9wYXBlcnMvQXR0cmlidXRpb25zIGFuZCBQb3ZlcnR5L1Jvc3MxOC5wZGYAABMAAS8AABUAAgAR//8AAAAIAA0AGgAkAGEAAAAAAAACAQAAAAAAAAAFAAAAAAAAAAAAAAAAAAACWQ==}}

@article{wilkinson17,
	Author = {R Wilkinson and K Pickett},
	Date-Added = {2018-11-07 12:11:27 -0600},
	Date-Modified = {2019-04-08 18:01:53 -0700},
	Journal = {The Lancet: Psychiatry},
	Pages = {512-513},
	Title = {Inequality and Mental Illness},
	Volume = {4},
	Year = {2017},
	Bdsk-File-1 = {YnBsaXN0MDDSAQIDBFxyZWxhdGl2ZVBhdGhZYWxpYXNEYXRhXxAzLi4vZGlzc2VydGF0aW9uX3BhcGVycy9JbmVxdWFsaXR5L3dpbGtpbnNvbjIwMTcucGRmTxEB5AAAAAAB5AACAAAMTWFjaW50b3NoIEhEAAAAAAAAAAAAAAAAAAAAAAAAAEJEAAH/////EXdpbGtpbnNvbjIwMTcucGRmAAAAAAAAAAAAAAAAAAAAAAAAAAAAAAAAAAAAAAAAAAAAAAAAAAAAAAAAAAAAAP////8AAAAAAAAAAAAAAAAAAQADAAAKIGN1AAAAAAAAAAAAAAAAAApJbmVxdWFsaXR5AAIAci86VXNlcnM6ZHlsYW53aXdhZDpEcm9wYm94Oldvcms6RGlzc2VydGF0aW9uOldyaXRpbmc6RGlzc2VydGF0aW9uOmRpc3NlcnRhdGlvbl9wYXBlcnM6SW5lcXVhbGl0eTp3aWxraW5zb24yMDE3LnBkZgAOACQAEQB3AGkAbABrAGkAbgBzAG8AbgAyADAAMQA3AC4AcABkAGYADwAaAAwATQBhAGMAaQBuAHQAbwBzAGgAIABIAEQAEgBwVXNlcnMvZHlsYW53aXdhZC9Ecm9wYm94L1dvcmsvRGlzc2VydGF0aW9uL1dyaXRpbmcvRGlzc2VydGF0aW9uL2Rpc3NlcnRhdGlvbl9wYXBlcnMvSW5lcXVhbGl0eS93aWxraW5zb24yMDE3LnBkZgATAAEvAAAVAAIAEf//AAAACAANABoAJABaAAAAAAAAAgEAAAAAAAAABQAAAAAAAAAAAAAAAAAAAkI=}}

@article{wilkinson06,
	Author = {Wilkinson, R G and Pickett, K E},
	Date-Added = {2018-11-07 12:11:15 -0600},
	Date-Modified = {2019-04-12 11:27:11 -0700},
	Doi = {10.1016/j.socscimed.2005.08.036},
	Issn = {0277-9536},
	Journal = {Social Science and Medicine},
	Number = {7},
	Pages = {1768--1784},
	Publisher = {Elsevier BV},
	Title = {Income inequality and population health: A review and explanation of the evidence},
	Url = {http://dx.doi.org/10.1016/j.socscimed.2005.08.036},
	Volume = {62},
	Year = {2006},
	Bdsk-File-1 = {YnBsaXN0MDDSAQIDBFxyZWxhdGl2ZVBhdGhZYWxpYXNEYXRhXxAzLi4vZGlzc2VydGF0aW9uX3BhcGVycy9JbmVxdWFsaXR5L3dpbGtpbnNvbjIwMDYucGRmTxEB5AAAAAAB5AACAAAMTWFjaW50b3NoIEhEAAAAAAAAAAAAAAAAAAAAAAAAAEJEAAH/////EXdpbGtpbnNvbjIwMDYucGRmAAAAAAAAAAAAAAAAAAAAAAAAAAAAAAAAAAAAAAAAAAAAAAAAAAAAAAAAAAAAAP////8AAAAAAAAAAAAAAAAAAQADAAAKIGN1AAAAAAAAAAAAAAAAAApJbmVxdWFsaXR5AAIAci86VXNlcnM6ZHlsYW53aXdhZDpEcm9wYm94Oldvcms6RGlzc2VydGF0aW9uOldyaXRpbmc6RGlzc2VydGF0aW9uOmRpc3NlcnRhdGlvbl9wYXBlcnM6SW5lcXVhbGl0eTp3aWxraW5zb24yMDA2LnBkZgAOACQAEQB3AGkAbABrAGkAbgBzAG8AbgAyADAAMAA2AC4AcABkAGYADwAaAAwATQBhAGMAaQBuAHQAbwBzAGgAIABIAEQAEgBwVXNlcnMvZHlsYW53aXdhZC9Ecm9wYm94L1dvcmsvRGlzc2VydGF0aW9uL1dyaXRpbmcvRGlzc2VydGF0aW9uL2Rpc3NlcnRhdGlvbl9wYXBlcnMvSW5lcXVhbGl0eS93aWxraW5zb24yMDA2LnBkZgATAAEvAAAVAAIAEf//AAAACAANABoAJABaAAAAAAAAAgEAAAAAAAAABQAAAAAAAAAAAAAAAAAAAkI=}}

@article{weiner85,
	Author = {B Weiner},
	Date-Added = {2018-11-07 12:10:18 -0600},
	Date-Modified = {2019-04-08 18:00:24 -0700},
	Journal = {Psychological Review},
	Number = {4},
	Pages = {548-573},
	Read = {1},
	Title = {An Attributional Theory of Achievement and Motivation},
	Volume = {92},
	Year = {1985},
	Bdsk-File-1 = {YnBsaXN0MDDSAQIDBFxyZWxhdGl2ZVBhdGhZYWxpYXNEYXRhXxA+Li4vZGlzc2VydGF0aW9uX3BhcGVycy9BdHRyaWJ1dGlvbnMgYW5kIFBvdmVydHkvd2VpbmVyMTk4NS5wZGZPEQIEAAAAAAIEAAIAAAxNYWNpbnRvc2ggSEQAAAAAAAAAAAAAAAAAAAAAAAAAQkQAAf////8Od2VpbmVyMTk4NS5wZGYAAAAAAAAAAAAAAAAAAAAAAAAAAAAAAAAAAAAAAAAAAAAAAAAAAAAAAAAAAAAAAAAA/////wAAAAAAAAAAAAAAAAABAAMAAAogY3UAAAAAAAAAAAAAAAAAGEF0dHJpYnV0aW9ucyBhbmQgUG92ZXJ0eQACAH0vOlVzZXJzOmR5bGFud2l3YWQ6RHJvcGJveDpXb3JrOkRpc3NlcnRhdGlvbjpXcml0aW5nOkRpc3NlcnRhdGlvbjpkaXNzZXJ0YXRpb25fcGFwZXJzOkF0dHJpYnV0aW9ucyBhbmQgUG92ZXJ0eTp3ZWluZXIxOTg1LnBkZgAADgAeAA4AdwBlAGkAbgBlAHIAMQA5ADgANQAuAHAAZABmAA8AGgAMAE0AYQBjAGkAbgB0AG8AcwBoACAASABEABIAe1VzZXJzL2R5bGFud2l3YWQvRHJvcGJveC9Xb3JrL0Rpc3NlcnRhdGlvbi9Xcml0aW5nL0Rpc3NlcnRhdGlvbi9kaXNzZXJ0YXRpb25fcGFwZXJzL0F0dHJpYnV0aW9ucyBhbmQgUG92ZXJ0eS93ZWluZXIxOTg1LnBkZgAAEwABLwAAFQACABH//wAAAAgADQAaACQAZQAAAAAAAAIBAAAAAAAAAAUAAAAAAAAAAAAAAAAAAAJt}}

@article{trafimow91,
	Author = {D Trafimow and H C Triandis and S G Goto},
	Date-Added = {2018-11-07 12:09:06 -0600},
	Date-Modified = {2019-04-08 17:59:35 -0700},
	Journal = {Journal of Personality and Social Psychology},
	Number = {649-655},
	Title = {Some Tests of the Distinction Between the Private Self and the Collective Self},
	Volume = {5},
	Year = {60},
	Bdsk-File-1 = {YnBsaXN0MDDSAQIDBFxyZWxhdGl2ZVBhdGhZYWxpYXNEYXRhXxAnLi4vZGlzc2VydGF0aW9uX3BhcGVycy90cmFmaW1vdzE5OTEucGRmTxEB1AAAAAAB1AACAAAMTWFjaW50b3NoIEhEAAAAAAAAAAAAAAAAAAAAAAAAAEJEAAH/////EHRyYWZpbW93MTk5MS5wZGYAAAAAAAAAAAAAAAAAAAAAAAAAAAAAAAAAAAAAAAAAAAAAAAAAAAAAAAAAAAAAAP////8AAAAAAAAAAAAAAAAAAQACAAAKIGN1AAAAAAAAAAAAAAAAABNkaXNzZXJ0YXRpb25fcGFwZXJzAAACAGYvOlVzZXJzOmR5bGFud2l3YWQ6RHJvcGJveDpXb3JrOkRpc3NlcnRhdGlvbjpXcml0aW5nOkRpc3NlcnRhdGlvbjpkaXNzZXJ0YXRpb25fcGFwZXJzOnRyYWZpbW93MTk5MS5wZGYADgAiABAAdAByAGEAZgBpAG0AbwB3ADEAOQA5ADEALgBwAGQAZgAPABoADABNAGEAYwBpAG4AdABvAHMAaAAgAEgARAASAGRVc2Vycy9keWxhbndpd2FkL0Ryb3Bib3gvV29yay9EaXNzZXJ0YXRpb24vV3JpdGluZy9EaXNzZXJ0YXRpb24vZGlzc2VydGF0aW9uX3BhcGVycy90cmFmaW1vdzE5OTEucGRmABMAAS8AABUAAgAR//8AAAAIAA0AGgAkAE4AAAAAAAACAQAAAAAAAAAFAAAAAAAAAAAAAAAAAAACJg==}}

@article{sands17,
	Author = {Sands, M L},
	Date-Added = {2018-11-07 12:08:39 -0600},
	Date-Modified = {2019-04-08 18:03:32 -0700},
	Doi = {10.1073/pnas.1615010113},
	Issn = {1091-6490},
	Journal = {Proceedings of the National Academy of Sciences},
	Month = {Jan},
	Number = {4},
	Pages = {663--668},
	Publisher = {Proceedings of the National Academy of Sciences},
	Title = {Exposure to inequality affects support for redistribution},
	Url = {http://dx.doi.org/10.1073/pnas.1615010113},
	Volume = {114},
	Year = {2017},
	Bdsk-File-1 = {YnBsaXN0MDDSAQIDBFxyZWxhdGl2ZVBhdGhZYWxpYXNEYXRhXxAtLi4vZGlzc2VydGF0aW9uX3BhcGVycy9JbmVxdWFsaXR5L3NhbmRzMTcucGRmTxEBzAAAAAABzAACAAAMTWFjaW50b3NoIEhEAAAAAAAAAAAAAAAAAAAAAAAAAEJEAAH/////C3NhbmRzMTcucGRmAAAAAAAAAAAAAAAAAAAAAAAAAAAAAAAAAAAAAAAAAAAAAAAAAAAAAAAAAAAAAAAAAAAAAP////8AAAAAAAAAAAAAAAAAAQADAAAKIGN1AAAAAAAAAAAAAAAAAApJbmVxdWFsaXR5AAIAbC86VXNlcnM6ZHlsYW53aXdhZDpEcm9wYm94Oldvcms6RGlzc2VydGF0aW9uOldyaXRpbmc6RGlzc2VydGF0aW9uOmRpc3NlcnRhdGlvbl9wYXBlcnM6SW5lcXVhbGl0eTpzYW5kczE3LnBkZgAOABgACwBzAGEAbgBkAHMAMQA3AC4AcABkAGYADwAaAAwATQBhAGMAaQBuAHQAbwBzAGgAIABIAEQAEgBqVXNlcnMvZHlsYW53aXdhZC9Ecm9wYm94L1dvcmsvRGlzc2VydGF0aW9uL1dyaXRpbmcvRGlzc2VydGF0aW9uL2Rpc3NlcnRhdGlvbl9wYXBlcnMvSW5lcXVhbGl0eS9zYW5kczE3LnBkZgATAAEvAAAVAAIAEf//AAAACAANABoAJABUAAAAAAAAAgEAAAAAAAAABQAAAAAAAAAAAAAAAAAAAiQ=}}

@article{ross77,
	Author = {L Ross},
	Date-Added = {2018-11-07 12:07:04 -0600},
	Date-Modified = {2019-04-08 16:48:25 -0700},
	Journal = {Advances in Experimental Social Psychology},
	Pages = {173-220},
	Read = {1},
	Title = {The Intuitive Psychologist and His Shortcomings: Distortions in the attribution Process},
	Volume = {10},
	Year = {1977},
	Bdsk-File-1 = {YnBsaXN0MDDSAQIDBFxyZWxhdGl2ZVBhdGhZYWxpYXNEYXRhXxA8Li4vZGlzc2VydGF0aW9uX3BhcGVycy9BdHRyaWJ1dGlvbnMgYW5kIFBvdmVydHkvcm9zczE5NzcucGRmTxEB/AAAAAAB/AACAAAMTWFjaW50b3NoIEhEAAAAAAAAAAAAAAAAAAAAAAAAAEJEAAH/////DHJvc3MxOTc3LnBkZgAAAAAAAAAAAAAAAAAAAAAAAAAAAAAAAAAAAAAAAAAAAAAAAAAAAAAAAAAAAAAAAAAAAP////8AAAAAAAAAAAAAAAAAAQADAAAKIGN1AAAAAAAAAAAAAAAAABhBdHRyaWJ1dGlvbnMgYW5kIFBvdmVydHkAAgB7LzpVc2VyczpkeWxhbndpd2FkOkRyb3Bib3g6V29yazpEaXNzZXJ0YXRpb246V3JpdGluZzpEaXNzZXJ0YXRpb246ZGlzc2VydGF0aW9uX3BhcGVyczpBdHRyaWJ1dGlvbnMgYW5kIFBvdmVydHk6cm9zczE5NzcucGRmAAAOABoADAByAG8AcwBzADEAOQA3ADcALgBwAGQAZgAPABoADABNAGEAYwBpAG4AdABvAHMAaAAgAEgARAASAHlVc2Vycy9keWxhbndpd2FkL0Ryb3Bib3gvV29yay9EaXNzZXJ0YXRpb24vV3JpdGluZy9EaXNzZXJ0YXRpb24vZGlzc2VydGF0aW9uX3BhcGVycy9BdHRyaWJ1dGlvbnMgYW5kIFBvdmVydHkvcm9zczE5NzcucGRmAAATAAEvAAAVAAIAEf//AAAACAANABoAJABjAAAAAAAAAgEAAAAAAAAABQAAAAAAAAAAAAAAAAAAAmM=}}

@article{pettigrew06,
	Author = {T F Pettigrew and L R Tropp},
	Date-Added = {2018-11-07 12:05:56 -0600},
	Date-Modified = {2019-04-08 17:55:59 -0700},
	Journal = {Journal of Personality and Social Psychology},
	Number = {5},
	Pages = {751-783},
	Title = {A Meta-Analytic Test of Intergroup Contact Theory},
	Volume = {90},
	Year = {2006},
	Bdsk-File-1 = {YnBsaXN0MDDSAQIDBFxyZWxhdGl2ZVBhdGhZYWxpYXNEYXRhXxA0Li4vZGlzc2VydGF0aW9uX3BhcGVycy9TdGVyZW90eXBlcy9wZXR0aWdyZXcyMDA2LnBkZk8RAeoAAAAAAeoAAgAADE1hY2ludG9zaCBIRAAAAAAAAAAAAAAAAAAAAAAAAABCRAAB/////xFwZXR0aWdyZXcyMDA2LnBkZgAAAAAAAAAAAAAAAAAAAAAAAAAAAAAAAAAAAAAAAAAAAAAAAAAAAAAAAAAAAAD/////AAAAAAAAAAAAAAAAAAEAAwAACiBjdQAAAAAAAAAAAAAAAAALU3RlcmVvdHlwZXMAAAIAcy86VXNlcnM6ZHlsYW53aXdhZDpEcm9wYm94Oldvcms6RGlzc2VydGF0aW9uOldyaXRpbmc6RGlzc2VydGF0aW9uOmRpc3NlcnRhdGlvbl9wYXBlcnM6U3RlcmVvdHlwZXM6cGV0dGlncmV3MjAwNi5wZGYAAA4AJAARAHAAZQB0AHQAaQBnAHIAZQB3ADIAMAAwADYALgBwAGQAZgAPABoADABNAGEAYwBpAG4AdABvAHMAaAAgAEgARAASAHFVc2Vycy9keWxhbndpd2FkL0Ryb3Bib3gvV29yay9EaXNzZXJ0YXRpb24vV3JpdGluZy9EaXNzZXJ0YXRpb24vZGlzc2VydGF0aW9uX3BhcGVycy9TdGVyZW90eXBlcy9wZXR0aWdyZXcyMDA2LnBkZgAAEwABLwAAFQACABH//wAAAAgADQAaACQAWwAAAAAAAAIBAAAAAAAAAAUAAAAAAAAAAAAAAAAAAAJJ}}

@article{pettigrew79,
	Author = {T F Pettigrew},
	Date-Added = {2018-11-07 12:04:32 -0600},
	Date-Modified = {2019-04-08 17:56:16 -0700},
	Journal = {Personality and Social Psychology Bulletin},
	Number = {4},
	Pages = {461-476},
	Read = {1},
	Title = {The Ultimate Attribution Error: Extending Allport's Cognitive analysis of Prejudice},
	Volume = {5},
	Year = {1979},
	Bdsk-File-1 = {YnBsaXN0MDDSAQIDBFxyZWxhdGl2ZVBhdGhZYWxpYXNEYXRhXxBBLi4vZGlzc2VydGF0aW9uX3BhcGVycy9BdHRyaWJ1dGlvbnMgYW5kIFBvdmVydHkvcGV0dGlncmV3MTk3OS5wZGZPEQIOAAAAAAIOAAIAAAxNYWNpbnRvc2ggSEQAAAAAAAAAAAAAAAAAAAAAAAAAQkQAAf////8RcGV0dGlncmV3MTk3OS5wZGYAAAAAAAAAAAAAAAAAAAAAAAAAAAAAAAAAAAAAAAAAAAAAAAAAAAAAAAAAAAAA/////wAAAAAAAAAAAAAAAAABAAMAAAogY3UAAAAAAAAAAAAAAAAAGEF0dHJpYnV0aW9ucyBhbmQgUG92ZXJ0eQACAIAvOlVzZXJzOmR5bGFud2l3YWQ6RHJvcGJveDpXb3JrOkRpc3NlcnRhdGlvbjpXcml0aW5nOkRpc3NlcnRhdGlvbjpkaXNzZXJ0YXRpb25fcGFwZXJzOkF0dHJpYnV0aW9ucyBhbmQgUG92ZXJ0eTpwZXR0aWdyZXcxOTc5LnBkZgAOACQAEQBwAGUAdAB0AGkAZwByAGUAdwAxADkANwA5AC4AcABkAGYADwAaAAwATQBhAGMAaQBuAHQAbwBzAGgAIABIAEQAEgB+VXNlcnMvZHlsYW53aXdhZC9Ecm9wYm94L1dvcmsvRGlzc2VydGF0aW9uL1dyaXRpbmcvRGlzc2VydGF0aW9uL2Rpc3NlcnRhdGlvbl9wYXBlcnMvQXR0cmlidXRpb25zIGFuZCBQb3ZlcnR5L3BldHRpZ3JldzE5NzkucGRmABMAAS8AABUAAgAR//8AAAAIAA0AGgAkAGgAAAAAAAACAQAAAAAAAAAFAAAAAAAAAAAAAAAAAAACeg==}}

@article{persson94,
	Author = {T Persson and G Tabellini},
	Date-Added = {2018-11-07 12:03:18 -0600},
	Date-Modified = {2019-04-08 17:55:30 -0700},
	Journal = {The American Economic Review},
	Number = {3},
	Pages = {600-621},
	Title = {Is Inequality Harmful for Growth?},
	Volume = {84},
	Year = {1994},
	Bdsk-File-1 = {YnBsaXN0MDDSAQIDBFxyZWxhdGl2ZVBhdGhZYWxpYXNEYXRhXxAvLi4vZGlzc2VydGF0aW9uX3BhcGVycy9JbmVxdWFsaXR5L1BlcnNzb245NC5wZGZPEQHUAAAAAAHUAAIAAAxNYWNpbnRvc2ggSEQAAAAAAAAAAAAAAAAAAAAAAAAAQkQAAf////8NUGVyc3Nvbjk0LnBkZgAAAAAAAAAAAAAAAAAAAAAAAAAAAAAAAAAAAAAAAAAAAAAAAAAAAAAAAAAAAAAAAAAA/////wAAAAAAAAAAAAAAAAABAAMAAAogY3UAAAAAAAAAAAAAAAAACkluZXF1YWxpdHkAAgBuLzpVc2VyczpkeWxhbndpd2FkOkRyb3Bib3g6V29yazpEaXNzZXJ0YXRpb246V3JpdGluZzpEaXNzZXJ0YXRpb246ZGlzc2VydGF0aW9uX3BhcGVyczpJbmVxdWFsaXR5OlBlcnNzb245NC5wZGYADgAcAA0AUABlAHIAcwBzAG8AbgA5ADQALgBwAGQAZgAPABoADABNAGEAYwBpAG4AdABvAHMAaAAgAEgARAASAGxVc2Vycy9keWxhbndpd2FkL0Ryb3Bib3gvV29yay9EaXNzZXJ0YXRpb24vV3JpdGluZy9EaXNzZXJ0YXRpb24vZGlzc2VydGF0aW9uX3BhcGVycy9JbmVxdWFsaXR5L1BlcnNzb245NC5wZGYAEwABLwAAFQACABH//wAAAAgADQAaACQAVgAAAAAAAAIBAAAAAAAAAAUAAAAAAAAAAAAAAAAAAAIu}}

@article{murphy01,
	Author = {C N Murphy},
	Date-Added = {2018-11-07 12:02:17 -0600},
	Date-Modified = {2019-04-08 17:54:24 -0700},
	Journal = {International Studies Quarterly},
	Pages = {347-356},
	Title = {Political Causes of New Inequality},
	Volume = {45},
	Year = {2001},
	Bdsk-File-1 = {YnBsaXN0MDDSAQIDBFxyZWxhdGl2ZVBhdGhZYWxpYXNEYXRhXxAwLi4vZGlzc2VydGF0aW9uX3BhcGVycy9JbmVxdWFsaXR5L211cnBoeTIwMDEucGRmTxEB2gAAAAAB2gACAAAMTWFjaW50b3NoIEhEAAAAAAAAAAAAAAAAAAAAAAAAAEJEAAH/////Dm11cnBoeTIwMDEucGRmAAAAAAAAAAAAAAAAAAAAAAAAAAAAAAAAAAAAAAAAAAAAAAAAAAAAAAAAAAAAAAAAAP////8AAAAAAAAAAAAAAAAAAQADAAAKIGN1AAAAAAAAAAAAAAAAAApJbmVxdWFsaXR5AAIAby86VXNlcnM6ZHlsYW53aXdhZDpEcm9wYm94Oldvcms6RGlzc2VydGF0aW9uOldyaXRpbmc6RGlzc2VydGF0aW9uOmRpc3NlcnRhdGlvbl9wYXBlcnM6SW5lcXVhbGl0eTptdXJwaHkyMDAxLnBkZgAADgAeAA4AbQB1AHIAcABoAHkAMgAwADAAMQAuAHAAZABmAA8AGgAMAE0AYQBjAGkAbgB0AG8AcwBoACAASABEABIAbVVzZXJzL2R5bGFud2l3YWQvRHJvcGJveC9Xb3JrL0Rpc3NlcnRhdGlvbi9Xcml0aW5nL0Rpc3NlcnRhdGlvbi9kaXNzZXJ0YXRpb25fcGFwZXJzL0luZXF1YWxpdHkvbXVycGh5MjAwMS5wZGYAABMAAS8AABUAAgAR//8AAAAIAA0AGgAkAFcAAAAAAAACAQAAAAAAAAAFAAAAAAAAAAAAAAAAAAACNQ==}}

@article{morris94,
	Author = {M W Morris and K Peng},
	Date-Added = {2018-11-07 12:01:01 -0600},
	Date-Modified = {2019-04-08 17:54:19 -0700},
	Journal = {Journal of Personality and Social Psychology},
	Number = {6},
	Pages = {949-971},
	Read = {1},
	Title = {Culture and Cause: American and Chinese Attributions for Social and Physical Events},
	Volume = {67},
	Year = {1994},
	Bdsk-File-1 = {YnBsaXN0MDDSAQIDBFxyZWxhdGl2ZVBhdGhZYWxpYXNEYXRhXxA+Li4vZGlzc2VydGF0aW9uX3BhcGVycy9BdHRyaWJ1dGlvbnMgYW5kIFBvdmVydHkvbW9ycmlzMTk5NC5wZGZPEQIEAAAAAAIEAAIAAAxNYWNpbnRvc2ggSEQAAAAAAAAAAAAAAAAAAAAAAAAAQkQAAf////8ObW9ycmlzMTk5NC5wZGYAAAAAAAAAAAAAAAAAAAAAAAAAAAAAAAAAAAAAAAAAAAAAAAAAAAAAAAAAAAAAAAAA/////wAAAAAAAAAAAAAAAAABAAMAAAogY3UAAAAAAAAAAAAAAAAAGEF0dHJpYnV0aW9ucyBhbmQgUG92ZXJ0eQACAH0vOlVzZXJzOmR5bGFud2l3YWQ6RHJvcGJveDpXb3JrOkRpc3NlcnRhdGlvbjpXcml0aW5nOkRpc3NlcnRhdGlvbjpkaXNzZXJ0YXRpb25fcGFwZXJzOkF0dHJpYnV0aW9ucyBhbmQgUG92ZXJ0eTptb3JyaXMxOTk0LnBkZgAADgAeAA4AbQBvAHIAcgBpAHMAMQA5ADkANAAuAHAAZABmAA8AGgAMAE0AYQBjAGkAbgB0AG8AcwBoACAASABEABIAe1VzZXJzL2R5bGFud2l3YWQvRHJvcGJveC9Xb3JrL0Rpc3NlcnRhdGlvbi9Xcml0aW5nL0Rpc3NlcnRhdGlvbi9kaXNzZXJ0YXRpb25fcGFwZXJzL0F0dHJpYnV0aW9ucyBhbmQgUG92ZXJ0eS9tb3JyaXMxOTk0LnBkZgAAEwABLwAAFQACABH//wAAAAgADQAaACQAZQAAAAAAAAIBAAAAAAAAAAUAAAAAAAAAAAAAAAAAAAJt}}

@article{miller84,
	Author = {J G Miller},
	Date-Added = {2018-11-07 11:59:55 -0600},
	Date-Modified = {2019-04-08 17:54:11 -0700},
	Journal = {Journal of Personality and Social Psychology},
	Number = {5},
	Pages = {961-978},
	Read = {1},
	Title = {Culture and Development of Everyday Social Explanation},
	Volume = {46},
	Year = {1984},
	Bdsk-File-1 = {YnBsaXN0MDDSAQIDBFxyZWxhdGl2ZVBhdGhZYWxpYXNEYXRhXxA+Li4vZGlzc2VydGF0aW9uX3BhcGVycy9BdHRyaWJ1dGlvbnMgYW5kIFBvdmVydHkvbWlsbGVyMTk4NC5wZGZPEQIEAAAAAAIEAAIAAAxNYWNpbnRvc2ggSEQAAAAAAAAAAAAAAAAAAAAAAAAAQkQAAf////8ObWlsbGVyMTk4NC5wZGYAAAAAAAAAAAAAAAAAAAAAAAAAAAAAAAAAAAAAAAAAAAAAAAAAAAAAAAAAAAAAAAAA/////wAAAABQREYgQ0FSTwABAAMAAAogY3UAAAAAAAAAAAAAAAAAGEF0dHJpYnV0aW9ucyBhbmQgUG92ZXJ0eQACAH0vOlVzZXJzOmR5bGFud2l3YWQ6RHJvcGJveDpXb3JrOkRpc3NlcnRhdGlvbjpXcml0aW5nOkRpc3NlcnRhdGlvbjpkaXNzZXJ0YXRpb25fcGFwZXJzOkF0dHJpYnV0aW9ucyBhbmQgUG92ZXJ0eTptaWxsZXIxOTg0LnBkZgAADgAeAA4AbQBpAGwAbABlAHIAMQA5ADgANAAuAHAAZABmAA8AGgAMAE0AYQBjAGkAbgB0AG8AcwBoACAASABEABIAe1VzZXJzL2R5bGFud2l3YWQvRHJvcGJveC9Xb3JrL0Rpc3NlcnRhdGlvbi9Xcml0aW5nL0Rpc3NlcnRhdGlvbi9kaXNzZXJ0YXRpb25fcGFwZXJzL0F0dHJpYnV0aW9ucyBhbmQgUG92ZXJ0eS9taWxsZXIxOTg0LnBkZgAAEwABLwAAFQACABH//wAAAAgADQAaACQAZQAAAAAAAAIBAAAAAAAAAAUAAAAAAAAAAAAAAAAAAAJt}}

@article{lichbach89,
	Author = {Lichbach, M I},
	Date-Added = {2018-11-07 11:59:15 -0600},
	Date-Modified = {2019-04-08 17:52:55 -0700},
	Doi = {10.2307/2010526},
	Issn = {1086-3338},
	Journal = {World Politics},
	Month = {Jul},
	Number = {04},
	Pages = {431--470},
	Publisher = {Cambridge University Press (CUP)},
	Title = {An Evaluation of ``Does Economic Inequality Breed Political Conflict?'' Studies},
	Url = {http://dx.doi.org/10.2307/2010526},
	Volume = {41},
	Year = {1989},
	Bdsk-File-1 = {YnBsaXN0MDDSAQIDBFxyZWxhdGl2ZVBhdGhZYWxpYXNEYXRhXxAyLi4vZGlzc2VydGF0aW9uX3BhcGVycy9JbmVxdWFsaXR5L2xpY2hiYWNoMTk4OS5wZGZPEQHiAAAAAAHiAAIAAAxNYWNpbnRvc2ggSEQAAAAAAAAAAAAAAAAAAAAAAAAAQkQAAf////8QbGljaGJhY2gxOTg5LnBkZgAAAAAAAAAAAAAAAAAAAAAAAAAAAAAAAAAAAAAAAAAAAAAAAAAAAAAAAAAAAAAA/////wAAAAAAAAAAAAAAAAABAAMAAAogY3UAAAAAAAAAAAAAAAAACkluZXF1YWxpdHkAAgBxLzpVc2VyczpkeWxhbndpd2FkOkRyb3Bib3g6V29yazpEaXNzZXJ0YXRpb246V3JpdGluZzpEaXNzZXJ0YXRpb246ZGlzc2VydGF0aW9uX3BhcGVyczpJbmVxdWFsaXR5OmxpY2hiYWNoMTk4OS5wZGYAAA4AIgAQAGwAaQBjAGgAYgBhAGMAaAAxADkAOAA5AC4AcABkAGYADwAaAAwATQBhAGMAaQBuAHQAbwBzAGgAIABIAEQAEgBvVXNlcnMvZHlsYW53aXdhZC9Ecm9wYm94L1dvcmsvRGlzc2VydGF0aW9uL1dyaXRpbmcvRGlzc2VydGF0aW9uL2Rpc3NlcnRhdGlvbl9wYXBlcnMvSW5lcXVhbGl0eS9saWNoYmFjaDE5ODkucGRmAAATAAEvAAAVAAIAEf//AAAACAANABoAJABZAAAAAAAAAgEAAAAAAAAABQAAAAAAAAAAAAAAAAAAAj8=}}

@article{lee96,
	Author = {F Lee and M Hallahan and T Herzon},
	Date-Added = {2018-11-07 11:58:02 -0600},
	Date-Modified = {2019-04-08 17:52:40 -0700},
	Journal = {Personality and Social Psychology Bulletin},
	Number = {7},
	Pages = {732-741},
	Read = {1},
	Title = {Explaining Real Life Events: How culture and Domain Shape Attributions},
	Volume = {22},
	Year = {1996},
	Bdsk-File-1 = {YnBsaXN0MDDSAQIDBFxyZWxhdGl2ZVBhdGhZYWxpYXNEYXRhXxA7Li4vZGlzc2VydGF0aW9uX3BhcGVycy9BdHRyaWJ1dGlvbnMgYW5kIFBvdmVydHkvbGVlMTk5Ni5wZGZPEQH2AAAAAAH2AAIAAAxNYWNpbnRvc2ggSEQAAAAAAAAAAAAAAAAAAAAAAAAAQkQAAf////8LbGVlMTk5Ni5wZGYAAAAAAAAAAAAAAAAAAAAAAAAAAAAAAAAAAAAAAAAAAAAAAAAAAAAAAAAAAAAAAAAAAAAA/////wAAAAAAAAAAAAAAAAABAAMAAAogY3UAAAAAAAAAAAAAAAAAGEF0dHJpYnV0aW9ucyBhbmQgUG92ZXJ0eQACAHovOlVzZXJzOmR5bGFud2l3YWQ6RHJvcGJveDpXb3JrOkRpc3NlcnRhdGlvbjpXcml0aW5nOkRpc3NlcnRhdGlvbjpkaXNzZXJ0YXRpb25fcGFwZXJzOkF0dHJpYnV0aW9ucyBhbmQgUG92ZXJ0eTpsZWUxOTk2LnBkZgAOABgACwBsAGUAZQAxADkAOQA2AC4AcABkAGYADwAaAAwATQBhAGMAaQBuAHQAbwBzAGgAIABIAEQAEgB4VXNlcnMvZHlsYW53aXdhZC9Ecm9wYm94L1dvcmsvRGlzc2VydGF0aW9uL1dyaXRpbmcvRGlzc2VydGF0aW9uL2Rpc3NlcnRhdGlvbl9wYXBlcnMvQXR0cmlidXRpb25zIGFuZCBQb3ZlcnR5L2xlZTE5OTYucGRmABMAAS8AABUAAgAR//8AAAAIAA0AGgAkAGIAAAAAAAACAQAAAAAAAAAFAAAAAAAAAAAAAAAAAAACXA==}}

@article{kruglanski75,
	Author = {A W Kruglanski},
	Date-Added = {2018-11-07 11:56:36 -0600},
	Date-Modified = {2019-04-08 17:52:14 -0700},
	Journal = {Psychological Review},
	Number = {6},
	Pages = {387-406},
	Read = {1},
	Title = {The Endogenous-Exogenous Partition in Attribution Theory},
	Volume = {82},
	Year = {1975},
	Bdsk-File-1 = {YnBsaXN0MDDSAQIDBFxyZWxhdGl2ZVBhdGhZYWxpYXNEYXRhXxBCLi4vZGlzc2VydGF0aW9uX3BhcGVycy9BdHRyaWJ1dGlvbnMgYW5kIFBvdmVydHkva3J1Z2xhbnNraTE5NzUucGRmTxECFAAAAAACFAACAAAMTWFjaW50b3NoIEhEAAAAAAAAAAAAAAAAAAAAAAAAAEJEAAH/////EmtydWdsYW5za2kxOTc1LnBkZgAAAAAAAAAAAAAAAAAAAAAAAAAAAAAAAAAAAAAAAAAAAAAAAAAAAAAAAAAAAP////8AAAAAAAAAAAAAAAAAAQADAAAKIGN1AAAAAAAAAAAAAAAAABhBdHRyaWJ1dGlvbnMgYW5kIFBvdmVydHkAAgCBLzpVc2VyczpkeWxhbndpd2FkOkRyb3Bib3g6V29yazpEaXNzZXJ0YXRpb246V3JpdGluZzpEaXNzZXJ0YXRpb246ZGlzc2VydGF0aW9uX3BhcGVyczpBdHRyaWJ1dGlvbnMgYW5kIFBvdmVydHk6a3J1Z2xhbnNraTE5NzUucGRmAAAOACYAEgBrAHIAdQBnAGwAYQBuAHMAawBpADEAOQA3ADUALgBwAGQAZgAPABoADABNAGEAYwBpAG4AdABvAHMAaAAgAEgARAASAH9Vc2Vycy9keWxhbndpd2FkL0Ryb3Bib3gvV29yay9EaXNzZXJ0YXRpb24vV3JpdGluZy9EaXNzZXJ0YXRpb24vZGlzc2VydGF0aW9uX3BhcGVycy9BdHRyaWJ1dGlvbnMgYW5kIFBvdmVydHkva3J1Z2xhbnNraTE5NzUucGRmAAATAAEvAAAVAAIAEf//AAAACAANABoAJABpAAAAAAAAAgEAAAAAAAAABQAAAAAAAAAAAAAAAAAAAoE=}}

@article{Kraus17,
	Author = {Kraus, M W and Park, Jun W and Tan, J J X},
	Date-Added = {2018-11-07 11:56:09 -0600},
	Date-Modified = {2019-04-08 17:52:04 -0700},
	Doi = {10.1177/1745691616673192},
	Issn = {1745-6924},
	Journal = {Perspectives on Psychological Science},
	Month = {May},
	Number = {3},
	Pages = {422--435},
	Publisher = {SAGE Publications},
	Title = {Signs of Social Class: The Experience of Economic Inequality in Everyday Life},
	Url = {http://dx.doi.org/10.1177/1745691616673192},
	Volume = {12},
	Year = {2017},
	Bdsk-File-1 = {YnBsaXN0MDDSAQIDBFxyZWxhdGl2ZVBhdGhZYWxpYXNEYXRhXxAvLi4vZGlzc2VydGF0aW9uX3BhcGVycy9JbmVxdWFsaXR5L2tyYXVzMjAxNy5wZGZPEQHUAAAAAAHUAAIAAAxNYWNpbnRvc2ggSEQAAAAAAAAAAAAAAAAAAAAAAAAAQkQAAf////8Na3JhdXMyMDE3LnBkZgAAAAAAAAAAAAAAAAAAAAAAAAAAAAAAAAAAAAAAAAAAAAAAAAAAAAAAAAAAAAAAAAAA/////wAAAAAAAAAAAAAAAAABAAMAAAogY3UAAAAAAAAAAAAAAAAACkluZXF1YWxpdHkAAgBuLzpVc2VyczpkeWxhbndpd2FkOkRyb3Bib3g6V29yazpEaXNzZXJ0YXRpb246V3JpdGluZzpEaXNzZXJ0YXRpb246ZGlzc2VydGF0aW9uX3BhcGVyczpJbmVxdWFsaXR5OmtyYXVzMjAxNy5wZGYADgAcAA0AawByAGEAdQBzADIAMAAxADcALgBwAGQAZgAPABoADABNAGEAYwBpAG4AdABvAHMAaAAgAEgARAASAGxVc2Vycy9keWxhbndpd2FkL0Ryb3Bib3gvV29yay9EaXNzZXJ0YXRpb24vV3JpdGluZy9EaXNzZXJ0YXRpb24vZGlzc2VydGF0aW9uX3BhcGVycy9JbmVxdWFsaXR5L2tyYXVzMjAxNy5wZGYAEwABLwAAFQACABH//wAAAAgADQAaACQAVgAAAAAAAAIBAAAAAAAAAAUAAAAAAAAAAAAAAAAAAAIu}}

@article{jones65,
	Author = {E E Jones and K E Davis},
	Date-Added = {2018-11-07 11:53:46 -0600},
	Date-Modified = {2019-04-08 17:50:22 -0700},
	Journal = {Advances in Experimental Social Psychology},
	Pages = {219-266},
	Read = {1},
	Title = {From Acts to Dispositions: The Attribution Process in Person Perception},
	Volume = {2},
	Year = {1965},
	Bdsk-File-1 = {YnBsaXN0MDDSAQIDBFxyZWxhdGl2ZVBhdGhZYWxpYXNEYXRhXxA9Li4vZGlzc2VydGF0aW9uX3BhcGVycy9BdHRyaWJ1dGlvbnMgYW5kIFBvdmVydHkvam9uZXMxOTY1LnBkZk8RAf4AAAAAAf4AAgAADE1hY2ludG9zaCBIRAAAAAAAAAAAAAAAAAAAAAAAAABCRAAB/////w1qb25lczE5NjUucGRmAAAAAAAAAAAAAAAAAAAAAAAAAAAAAAAAAAAAAAAAAAAAAAAAAAAAAAAAAAAAAAAAAAD/////AAAAAFBERiBDQVJPAAEAAwAACiBjdQAAAAAAAAAAAAAAAAAYQXR0cmlidXRpb25zIGFuZCBQb3ZlcnR5AAIAfC86VXNlcnM6ZHlsYW53aXdhZDpEcm9wYm94Oldvcms6RGlzc2VydGF0aW9uOldyaXRpbmc6RGlzc2VydGF0aW9uOmRpc3NlcnRhdGlvbl9wYXBlcnM6QXR0cmlidXRpb25zIGFuZCBQb3ZlcnR5OmpvbmVzMTk2NS5wZGYADgAcAA0AagBvAG4AZQBzADEAOQA2ADUALgBwAGQAZgAPABoADABNAGEAYwBpAG4AdABvAHMAaAAgAEgARAASAHpVc2Vycy9keWxhbndpd2FkL0Ryb3Bib3gvV29yay9EaXNzZXJ0YXRpb24vV3JpdGluZy9EaXNzZXJ0YXRpb24vZGlzc2VydGF0aW9uX3BhcGVycy9BdHRyaWJ1dGlvbnMgYW5kIFBvdmVydHkvam9uZXMxOTY1LnBkZgATAAEvAAAVAAIAEf//AAAACAANABoAJABkAAAAAAAAAgEAAAAAAAAABQAAAAAAAAAAAAAAAAAAAmY=}}

@article{bem72,
	Author = {D J Bem},
	Date-Added = {2018-11-07 11:51:12 -0600},
	Date-Modified = {2019-04-08 17:40:46 -0700},
	Journal = {Advances in Experimental Social Psychology},
	Pages = {1-62},
	Read = {1},
	Title = {Social Perception Theory},
	Volume = {6},
	Year = {1972},
	Bdsk-File-1 = {YnBsaXN0MDDSAQIDBFxyZWxhdGl2ZVBhdGhZYWxpYXNEYXRhXxA7Li4vZGlzc2VydGF0aW9uX3BhcGVycy9BdHRyaWJ1dGlvbnMgYW5kIFBvdmVydHkvYmVtMTk3Mi5wZGZPEQH2AAAAAAH2AAIAAAxNYWNpbnRvc2ggSEQAAAAAAAAAAAAAAAAAAAAAAAAAQkQAAf////8LYmVtMTk3Mi5wZGYAAAAAAAAAAAAAAAAAAAAAAAAAAAAAAAAAAAAAAAAAAAAAAAAAAAAAAAAAAAAAAAAAAAAA/////wAAAABQREYgQ0FSTwABAAMAAAogY3UAAAAAAAAAAAAAAAAAGEF0dHJpYnV0aW9ucyBhbmQgUG92ZXJ0eQACAHovOlVzZXJzOmR5bGFud2l3YWQ6RHJvcGJveDpXb3JrOkRpc3NlcnRhdGlvbjpXcml0aW5nOkRpc3NlcnRhdGlvbjpkaXNzZXJ0YXRpb25fcGFwZXJzOkF0dHJpYnV0aW9ucyBhbmQgUG92ZXJ0eTpiZW0xOTcyLnBkZgAOABgACwBiAGUAbQAxADkANwAyAC4AcABkAGYADwAaAAwATQBhAGMAaQBuAHQAbwBzAGgAIABIAEQAEgB4VXNlcnMvZHlsYW53aXdhZC9Ecm9wYm94L1dvcmsvRGlzc2VydGF0aW9uL1dyaXRpbmcvRGlzc2VydGF0aW9uL2Rpc3NlcnRhdGlvbl9wYXBlcnMvQXR0cmlidXRpb25zIGFuZCBQb3ZlcnR5L2JlbTE5NzIucGRmABMAAS8AABUAAgAR//8AAAAIAA0AGgAkAGIAAAAAAAACAQAAAAAAAAAFAAAAAAAAAAAAAAAAAAACXA==}}

@article{correia01,
	Author = {I Correia and J Vala and P Aguiar},
	Date-Added = {2018-11-07 11:49:15 -0600},
	Date-Modified = {2019-04-08 17:41:59 -0700},
	Journal = {Social Justice Research},
	Number = {3},
	Pages = {327-342},
	Title = {The Effect of Belief in a Just World and Victim's Innocence on Secondary Victimization, Judgments of Justice and Deservingness},
	Volume = {14},
	Year = {2001},
	Bdsk-File-1 = {YnBsaXN0MDDSAQIDBFxyZWxhdGl2ZVBhdGhZYWxpYXNEYXRhXxA/Li4vZGlzc2VydGF0aW9uX3BhcGVycy9BdHRyaWJ1dGlvbnMgYW5kIFBvdmVydHkvY29ycmVpYTIwMDEucGRmTxECBgAAAAACBgACAAAMTWFjaW50b3NoIEhEAAAAAAAAAAAAAAAAAAAAAAAAAEJEAAH/////D2NvcnJlaWEyMDAxLnBkZgAAAAAAAAAAAAAAAAAAAAAAAAAAAAAAAAAAAAAAAAAAAAAAAAAAAAAAAAAAAAAAAP////8AAAAAAAAAAAAAAAAAAQADAAAKIGN1AAAAAAAAAAAAAAAAABhBdHRyaWJ1dGlvbnMgYW5kIFBvdmVydHkAAgB+LzpVc2VyczpkeWxhbndpd2FkOkRyb3Bib3g6V29yazpEaXNzZXJ0YXRpb246V3JpdGluZzpEaXNzZXJ0YXRpb246ZGlzc2VydGF0aW9uX3BhcGVyczpBdHRyaWJ1dGlvbnMgYW5kIFBvdmVydHk6Y29ycmVpYTIwMDEucGRmAA4AIAAPAGMAbwByAHIAZQBpAGEAMgAwADAAMQAuAHAAZABmAA8AGgAMAE0AYQBjAGkAbgB0AG8AcwBoACAASABEABIAfFVzZXJzL2R5bGFud2l3YWQvRHJvcGJveC9Xb3JrL0Rpc3NlcnRhdGlvbi9Xcml0aW5nL0Rpc3NlcnRhdGlvbi9kaXNzZXJ0YXRpb25fcGFwZXJzL0F0dHJpYnV0aW9ucyBhbmQgUG92ZXJ0eS9jb3JyZWlhMjAwMS5wZGYAEwABLwAAFQACABH//wAAAAgADQAaACQAZgAAAAAAAAIBAAAAAAAAAAUAAAAAAAAAAAAAAAAAAAJw}}

@article{furnham84,
	Author = {A Furnham and B Gunter},
	Date-Added = {2018-11-07 11:48:07 -0600},
	Date-Modified = {2019-04-08 17:26:53 -0700},
	Journal = {British Journal of Social Psychology},
	Pages = {265-269},
	Read = {1},
	Title = {Just World Beliefs and Attitudes Towards the Poor},
	Volume = {23},
	Year = {1984},
	Bdsk-File-1 = {YnBsaXN0MDDSAQIDBFxyZWxhdGl2ZVBhdGhZYWxpYXNEYXRhXxA/Li4vZGlzc2VydGF0aW9uX3BhcGVycy9BdHRyaWJ1dGlvbnMgYW5kIFBvdmVydHkvZnVybmhhbTE5ODQucGRmTxECBgAAAAACBgACAAAMTWFjaW50b3NoIEhEAAAAAAAAAAAAAAAAAAAAAAAAAEJEAAH/////D2Z1cm5oYW0xOTg0LnBkZgAAAAAAAAAAAAAAAAAAAAAAAAAAAAAAAAAAAAAAAAAAAAAAAAAAAAAAAAAAAAAAAP////8AAAAAAAAAAAAAAAAAAQADAAAKIGN1AAAAAAAAAAAAAAAAABhBdHRyaWJ1dGlvbnMgYW5kIFBvdmVydHkAAgB+LzpVc2VyczpkeWxhbndpd2FkOkRyb3Bib3g6V29yazpEaXNzZXJ0YXRpb246V3JpdGluZzpEaXNzZXJ0YXRpb246ZGlzc2VydGF0aW9uX3BhcGVyczpBdHRyaWJ1dGlvbnMgYW5kIFBvdmVydHk6ZnVybmhhbTE5ODQucGRmAA4AIAAPAGYAdQByAG4AaABhAG0AMQA5ADgANAAuAHAAZABmAA8AGgAMAE0AYQBjAGkAbgB0AG8AcwBoACAASABEABIAfFVzZXJzL2R5bGFud2l3YWQvRHJvcGJveC9Xb3JrL0Rpc3NlcnRhdGlvbi9Xcml0aW5nL0Rpc3NlcnRhdGlvbi9kaXNzZXJ0YXRpb25fcGFwZXJzL0F0dHJpYnV0aW9ucyBhbmQgUG92ZXJ0eS9mdXJuaGFtMTk4NC5wZGYAEwABLwAAFQACABH//wAAAAgADQAaACQAZgAAAAAAAAIBAAAAAAAAAAUAAAAAAAAAAAAAAAAAAAJw}}

@article{jones67,
	Author = {E E Jones and V A Harris},
	Date-Added = {2018-11-07 11:45:18 -0600},
	Date-Modified = {2019-04-08 17:50:32 -0700},
	Journal = {Journal of Experimental social Psychology},
	Pages = {1-24},
	Read = {1},
	Title = {The Attribution of Attitudes},
	Volume = {3},
	Year = {1967},
	Bdsk-File-1 = {YnBsaXN0MDDSAQIDBFxyZWxhdGl2ZVBhdGhZYWxpYXNEYXRhXxA9Li4vZGlzc2VydGF0aW9uX3BhcGVycy9BdHRyaWJ1dGlvbnMgYW5kIFBvdmVydHkvam9uZXMxOTY3LnBkZk8RAf4AAAAAAf4AAgAADE1hY2ludG9zaCBIRAAAAAAAAAAAAAAAAAAAAAAAAABCRAAB/////w1qb25lczE5NjcucGRmAAAAAAAAAAAAAAAAAAAAAAAAAAAAAAAAAAAAAAAAAAAAAAAAAAAAAAAAAAAAAAAAAAD/////AAAAAAAAAAAAAAAAAAEAAwAACiBjdQAAAAAAAAAAAAAAAAAYQXR0cmlidXRpb25zIGFuZCBQb3ZlcnR5AAIAfC86VXNlcnM6ZHlsYW53aXdhZDpEcm9wYm94Oldvcms6RGlzc2VydGF0aW9uOldyaXRpbmc6RGlzc2VydGF0aW9uOmRpc3NlcnRhdGlvbl9wYXBlcnM6QXR0cmlidXRpb25zIGFuZCBQb3ZlcnR5OmpvbmVzMTk2Ny5wZGYADgAcAA0AagBvAG4AZQBzADEAOQA2ADcALgBwAGQAZgAPABoADABNAGEAYwBpAG4AdABvAHMAaAAgAEgARAASAHpVc2Vycy9keWxhbndpd2FkL0Ryb3Bib3gvV29yay9EaXNzZXJ0YXRpb24vV3JpdGluZy9EaXNzZXJ0YXRpb24vZGlzc2VydGF0aW9uX3BhcGVycy9BdHRyaWJ1dGlvbnMgYW5kIFBvdmVydHkvam9uZXMxOTY3LnBkZgATAAEvAAAVAAIAEf//AAAACAANABoAJABkAAAAAAAAAgEAAAAAAAAABQAAAAAAAAAAAAAAAAAAAmY=}}

@article{Zucker93,
	Author = {Zucker, G S and Weiner, B},
	Date-Added = {2018-11-06 11:04:43 -0600},
	Date-Modified = {2019-04-08 18:03:11 -0700},
	Doi = {10.1111/j.1559-1816.1993.tb01014.x},
	Issn = {1559-1816},
	Journal = {Journal of Applied Social Psychology},
	Month = {Jun},
	Number = {12},
	Pages = {925--943},
	Publisher = {Wiley},
	Read = {1},
	Title = {Conservatism and Perceptions of Poverty: An Attributional Analysis1},
	Url = {http://dx.doi.org/10.1111/j.1559-1816.1993.tb01014.x},
	Volume = {23},
	Year = {1993},
	Bdsk-File-1 = {YnBsaXN0MDDSAQIDBFxyZWxhdGl2ZVBhdGhZYWxpYXNEYXRhXxA+Li4vLi4vLi4vLi4vLi4vLi4vRG93bmxvYWRzL2Rpc3NlcnRhdGlvbl9wYXBlcnMvenVja2VyMTk5My5wZGZPEQGEAAAAAAGEAAIAAAxNYWNpbnRvc2ggSEQAAAAAAAAAAAAAAAAAAAAAAAAAQkQAAf////8OenVja2VyMTk5My5wZGYAAAAAAAAAAAAAAAAAAAAAAAAAAAAAAAAAAAAAAAAAAAAAAAAAAAAAAAAAAAAAAAAA/////wAAAAAAAAAAAAAAAAAGAAMAAAogY3UAAAAAAAAAAAAAAAAAE2Rpc3NlcnRhdGlvbl9wYXBlcnMAAAIAPy86VXNlcnM6ZHlsYW53aXdhZDpEb3dubG9hZHM6ZGlzc2VydGF0aW9uX3BhcGVyczp6dWNrZXIxOTkzLnBkZgAADgAeAA4AegB1AGMAawBlAHIAMQA5ADkAMwAuAHAAZABmAA8AGgAMAE0AYQBjAGkAbgB0AG8AcwBoACAASABEABIAPVVzZXJzL2R5bGFud2l3YWQvRG93bmxvYWRzL2Rpc3NlcnRhdGlvbl9wYXBlcnMvenVja2VyMTk5My5wZGYAABMAAS8AABUAAgAR//8AAAAIAA0AGgAkAGUAAAAAAAACAQAAAAAAAAAFAAAAAAAAAAAAAAAAAAAB7Q==}}

@article{Zimmerman13,
	Author = {Zimmerman, J L and Reyna, C},
	Date-Added = {2018-11-06 11:03:15 -0600},
	Date-Modified = {2019-04-08 18:03:02 -0700},
	Doi = {10.1037/a0032967},
	Issn = {0022-3514},
	Journal = {Journal of Personality and Social Psychology},
	Number = {1},
	Pages = {1--23},
	Publisher = {American Psychological Association (APA)},
	Title = {The meaning and role of ideology in system justification and resistance for high- and low-status people.},
	Url = {http://dx.doi.org/10.1037/a0032967},
	Volume = {105},
	Year = {2013},
	Bdsk-File-1 = {YnBsaXN0MDDSAQIDBFxyZWxhdGl2ZVBhdGhZYWxpYXNEYXRhXxBBLi4vLi4vLi4vLi4vLi4vLi4vRG93bmxvYWRzL2Rpc3NlcnRhdGlvbl9wYXBlcnMvWmltbWVybWFuMjAxMy5wZGZPEQGOAAAAAAGOAAIAAAxNYWNpbnRvc2ggSEQAAAAAAAAAAAAAAAAAAAAAAAAAQkQAAf////8RWmltbWVybWFuMjAxMy5wZGYAAAAAAAAAAAAAAAAAAAAAAAAAAAAAAAAAAAAAAAAAAAAAAAAAAAAAAAAAAAAA/////wAAAAAAAAAAAAAAAAAGAAMAAAogY3UAAAAAAAAAAAAAAAAAE2Rpc3NlcnRhdGlvbl9wYXBlcnMAAAIAQi86VXNlcnM6ZHlsYW53aXdhZDpEb3dubG9hZHM6ZGlzc2VydGF0aW9uX3BhcGVyczpaaW1tZXJtYW4yMDEzLnBkZgAOACQAEQBaAGkAbQBtAGUAcgBtAGEAbgAyADAAMQAzAC4AcABkAGYADwAaAAwATQBhAGMAaQBuAHQAbwBzAGgAIABIAEQAEgBAVXNlcnMvZHlsYW53aXdhZC9Eb3dubG9hZHMvZGlzc2VydGF0aW9uX3BhcGVycy9aaW1tZXJtYW4yMDEzLnBkZgATAAEvAAAVAAIAEf//AAAACAANABoAJABoAAAAAAAAAgEAAAAAAAAABQAAAAAAAAAAAAAAAAAAAfo=}}

@article{yee06,
	Author = {N Yee and J Bailenson},
	Date-Added = {2018-11-06 11:01:38 -0600},
	Date-Modified = {2019-04-10 10:31:02 -0700},
	Journal = {Presence Teleoperators \& Virtual Environments},
	Pages = {1-9},
	Title = {Walk A Mile in Digital Shoes: The Impact of Embodied Perspective-Taking on The Reduction of Negative Stereotyping in Immersive Virtual Environments},
	Year = {2006},
	Bdsk-File-1 = {YnBsaXN0MDDSAQIDBFxyZWxhdGl2ZVBhdGhZYWxpYXNEYXRhXxA7Li4vLi4vLi4vLi4vLi4vLi4vRG93bmxvYWRzL2Rpc3NlcnRhdGlvbl9wYXBlcnMveWVlMjAwNi5wZGZPEQF2AAAAAAF2AAIAAAxNYWNpbnRvc2ggSEQAAAAAAAAAAAAAAAAAAAAAAAAAQkQAAf////8LeWVlMjAwNi5wZGYAAAAAAAAAAAAAAAAAAAAAAAAAAAAAAAAAAAAAAAAAAAAAAAAAAAAAAAAAAAAAAAAAAAAA/////wAAAAAAAAAAAAAAAAAGAAMAAAogY3UAAAAAAAAAAAAAAAAAE2Rpc3NlcnRhdGlvbl9wYXBlcnMAAAIAPC86VXNlcnM6ZHlsYW53aXdhZDpEb3dubG9hZHM6ZGlzc2VydGF0aW9uX3BhcGVyczp5ZWUyMDA2LnBkZgAOABgACwB5AGUAZQAyADAAMAA2AC4AcABkAGYADwAaAAwATQBhAGMAaQBuAHQAbwBzAGgAIABIAEQAEgA6VXNlcnMvZHlsYW53aXdhZC9Eb3dubG9hZHMvZGlzc2VydGF0aW9uX3BhcGVycy95ZWUyMDA2LnBkZgATAAEvAAAVAAIAEf//AAAACAANABoAJABiAAAAAAAAAgEAAAAAAAAABQAAAAAAAAAAAAAAAAAAAdw=}}

@unpublished{wiwadunpub,
	Author = {D Wiwad and B Mercier and M D Maraun and A R Robinson and P K Piff and L B Aknin and A F Shariff},
	Date-Added = {2018-11-06 10:58:54 -0600},
	Date-Modified = {2019-04-08 18:02:14 -0700},
	Note = {https://psyarxiv.com/58e76/},
	Title = {Support for Economic Inequality Scale: Development and Adjudication},
	Year = {2018},
	Bdsk-File-1 = {YnBsaXN0MDDSAQIDBFxyZWxhdGl2ZVBhdGhZYWxpYXNEYXRhXxBhLi4vLi4vU2NhbGUgRGV2ZWxvcG1lbnQvcG9zdC1FSlNQIHJldmlld3MvRnJvbnRpZXJzIFN1Ym1pc3Npb24vUEFJRC9TSVIvQkpTUC9NYW51c2NyaXB0X0ZpbmFsLnBkZk8RAiAAAAAAAiAAAgAADE1hY2ludG9zaCBIRAAAAAAAAAAAAAAAAAAAAAAAAABCRAAB/////xRNYW51c2NyaXB0X0ZpbmFsLnBkZgAAAAAAAAAAAAAAAAAAAAAAAAAAAAAAAAAAAAAAAAAAAAAAAAAAAAAAAAD/////AAAAAAAAAAAAAAAAAAIABwAACiBjdQAAAAAAAAAAAAAAAAAEQkpTUAACAJAvOlVzZXJzOmR5bGFud2l3YWQ6RHJvcGJveDpXb3JrOkRpc3NlcnRhdGlvbjpXcml0aW5nOlNjYWxlIERldmVsb3BtZW50OnBvc3QtRUpTUCByZXZpZXdzOkZyb250aWVycyBTdWJtaXNzaW9uOlBBSUQ6U0lSOkJKU1A6TWFudXNjcmlwdF9GaW5hbC5wZGYADgAqABQATQBhAG4AdQBzAGMAcgBpAHAAdABfAEYAaQBuAGEAbAAuAHAAZABmAA8AGgAMAE0AYQBjAGkAbgB0AG8AcwBoACAASABEABIAjlVzZXJzL2R5bGFud2l3YWQvRHJvcGJveC9Xb3JrL0Rpc3NlcnRhdGlvbi9Xcml0aW5nL1NjYWxlIERldmVsb3BtZW50L3Bvc3QtRUpTUCByZXZpZXdzL0Zyb250aWVycyBTdWJtaXNzaW9uL1BBSUQvU0lSL0JKU1AvTWFudXNjcmlwdF9GaW5hbC5wZGYAEwABLwAAFQACABH//wAAAAgADQAaACQAiAAAAAAAAAIBAAAAAAAAAAUAAAAAAAAAAAAAAAAAAAKs}}

@book{wald47,
	Address = {New York, NY},
	Author = {A Wald},
	Date-Added = {2018-11-06 10:57:56 -0600},
	Date-Modified = {2019-04-08 17:59:58 -0700},
	Publisher = {John Wiley \& Sons},
	Title = {Sequential Analysis},
	Year = {1947}}

@article{taylor75,
	Author = {S E Taylor and S T Fiske},
	Date-Added = {2018-11-06 10:54:26 -0600},
	Date-Modified = {2019-04-08 17:59:15 -0700},
	Journal = {Journal of Personality and Social Psychology},
	Number = {3},
	Pages = {439-445},
	Title = {Point of View and Perceptions of Causality},
	Volume = {32},
	Year = {1975},
	Bdsk-File-1 = {YnBsaXN0MDDSAQIDBFxyZWxhdGl2ZVBhdGhZYWxpYXNEYXRhXxA+Li4vLi4vLi4vLi4vLi4vLi4vRG93bmxvYWRzL2Rpc3NlcnRhdGlvbl9wYXBlcnMvdGF5bG9yMTk3NS5wZGZPEQGEAAAAAAGEAAIAAAxNYWNpbnRvc2ggSEQAAAAAAAAAAAAAAAAAAAAAAAAAQkQAAf////8OdGF5bG9yMTk3NS5wZGYAAAAAAAAAAAAAAAAAAAAAAAAAAAAAAAAAAAAAAAAAAAAAAAAAAAAAAAAAAAAAAAAA/////wAAAAAAAAAAAAAAAAAGAAMAAAogY3UAAAAAAAAAAAAAAAAAE2Rpc3NlcnRhdGlvbl9wYXBlcnMAAAIAPy86VXNlcnM6ZHlsYW53aXdhZDpEb3dubG9hZHM6ZGlzc2VydGF0aW9uX3BhcGVyczp0YXlsb3IxOTc1LnBkZgAADgAeAA4AdABhAHkAbABvAHIAMQA5ADcANQAuAHAAZABmAA8AGgAMAE0AYQBjAGkAbgB0AG8AcwBoACAASABEABIAPVVzZXJzL2R5bGFud2l3YWQvRG93bmxvYWRzL2Rpc3NlcnRhdGlvbl9wYXBlcnMvdGF5bG9yMTk3NS5wZGYAABMAAS8AABUAAgAR//8AAAAIAA0AGgAkAGUAAAAAAAACAQAAAAAAAAAFAAAAAAAAAAAAAAAAAAAB7Q==}}

@article{storms73,
	Author = {M D Storms},
	Date-Added = {2018-11-06 10:52:36 -0600},
	Date-Modified = {2019-04-08 17:59:06 -0700},
	Journal = {Journal of Personality and Social Psychology},
	Number = {2},
	Pages = {165-175},
	Title = {Videotape and the Attribution Process: Reversing Actors' and Observers' Point of View},
	Volume = {27},
	Year = {1973},
	Bdsk-File-1 = {YnBsaXN0MDDSAQIDBFxyZWxhdGl2ZVBhdGhZYWxpYXNEYXRhXxA+Li4vLi4vLi4vLi4vLi4vLi4vRG93bmxvYWRzL2Rpc3NlcnRhdGlvbl9wYXBlcnMvc3Rvcm1zMTk3My5wZGZPEQGEAAAAAAGEAAIAAAxNYWNpbnRvc2ggSEQAAAAAAAAAAAAAAAAAAAAAAAAAQkQAAf////8Oc3Rvcm1zMTk3My5wZGYAAAAAAAAAAAAAAAAAAAAAAAAAAAAAAAAAAAAAAAAAAAAAAAAAAAAAAAAAAAAAAAAA/////wAAAAAAAAAAAAAAAAAGAAMAAAogY3UAAAAAAAAAAAAAAAAAE2Rpc3NlcnRhdGlvbl9wYXBlcnMAAAIAPy86VXNlcnM6ZHlsYW53aXdhZDpEb3dubG9hZHM6ZGlzc2VydGF0aW9uX3BhcGVyczpzdG9ybXMxOTczLnBkZgAADgAeAA4AcwB0AG8AcgBtAHMAMQA5ADcAMwAuAHAAZABmAA8AGgAMAE0AYQBjAGkAbgB0AG8AcwBoACAASABEABIAPVVzZXJzL2R5bGFud2l3YWQvRG93bmxvYWRzL2Rpc3NlcnRhdGlvbl9wYXBlcnMvc3Rvcm1zMTk3My5wZGYAABMAAS8AABUAAgAR//8AAAAIAA0AGgAkAGUAAAAAAAACAQAAAAAAAAAFAAAAAAAAAAAAAAAAAAAB7Q==}}

@article{simmons11,
	Author = {J P Simmons and L D Nelson and U Simonsohn},
	Date-Added = {2018-11-06 10:40:48 -0600},
	Date-Modified = {2019-04-08 17:58:40 -0700},
	Journal = {Psychological Science},
	Number = {11},
	Pages = {1359-1366},
	Title = {False-Positive Psychology: Undisclosed Flexibility in Data Collection and Analysis Allows Presenting Anything as Significant},
	Volume = {22},
	Year = {2011},
	Bdsk-File-1 = {YnBsaXN0MDDSAQIDBFxyZWxhdGl2ZVBhdGhZYWxpYXNEYXRhXxA/Li4vLi4vLi4vLi4vLi4vLi4vRG93bmxvYWRzL2Rpc3NlcnRhdGlvbl9wYXBlcnMvc2ltbW9uczIwMTEucGRmTxEBhgAAAAABhgACAAAMTWFjaW50b3NoIEhEAAAAAAAAAAAAAAAAAAAAAAAAAEJEAAH/////D3NpbW1vbnMyMDExLnBkZgAAAAAAAAAAAAAAAAAAAAAAAAAAAAAAAAAAAAAAAAAAAAAAAAAAAAAAAAAAAAAAAP////8AAAAAAAAAAAAAAAAABgADAAAKIGN1AAAAAAAAAAAAAAAAABNkaXNzZXJ0YXRpb25fcGFwZXJzAAACAEAvOlVzZXJzOmR5bGFud2l3YWQ6RG93bmxvYWRzOmRpc3NlcnRhdGlvbl9wYXBlcnM6c2ltbW9uczIwMTEucGRmAA4AIAAPAHMAaQBtAG0AbwBuAHMAMgAwADEAMQAuAHAAZABmAA8AGgAMAE0AYQBjAGkAbgB0AG8AcwBoACAASABEABIAPlVzZXJzL2R5bGFud2l3YWQvRG93bmxvYWRzL2Rpc3NlcnRhdGlvbl9wYXBlcnMvc2ltbW9uczIwMTEucGRmABMAAS8AABUAAgAR//8AAAAIAA0AGgAkAGYAAAAAAAACAQAAAAAAAAAFAAAAAAAAAAAAAAAAAAAB8A==}}

@article{shrout02,
	Author = {Shrout, P E and Bolger, N},
	Date-Added = {2018-11-06 10:38:59 -0600},
	Date-Modified = {2019-04-08 18:03:47 -0700},
	Doi = {10.1037/1082-989x.7.4.422},
	Issn = {1082-989X},
	Journal = {Psychological Methods},
	Number = {4},
	Pages = {422--445},
	Publisher = {American Psychological Association (APA)},
	Title = {Mediation in experimental and nonexperimental studies: New procedures and recommendations.},
	Url = {http://dx.doi.org/10.1037/1082-989X.7.4.422},
	Volume = {7},
	Year = {2002},
	Bdsk-File-1 = {YnBsaXN0MDDSAQIDBFxyZWxhdGl2ZVBhdGhZYWxpYXNEYXRhXxA+Li4vLi4vLi4vLi4vLi4vLi4vRG93bmxvYWRzL2Rpc3NlcnRhdGlvbl9wYXBlcnMvU2hyb3V0MjAwMi5wZGZPEQGEAAAAAAGEAAIAAAxNYWNpbnRvc2ggSEQAAAAAAAAAAAAAAAAAAAAAAAAAQkQAAf////8OU2hyb3V0MjAwMi5wZGYAAAAAAAAAAAAAAAAAAAAAAAAAAAAAAAAAAAAAAAAAAAAAAAAAAAAAAAAAAAAAAAAA/////wAAAAAAAAAAAAAAAAAGAAMAAAogY3UAAAAAAAAAAAAAAAAAE2Rpc3NlcnRhdGlvbl9wYXBlcnMAAAIAPy86VXNlcnM6ZHlsYW53aXdhZDpEb3dubG9hZHM6ZGlzc2VydGF0aW9uX3BhcGVyczpTaHJvdXQyMDAyLnBkZgAADgAeAA4AUwBoAHIAbwB1AHQAMgAwADAAMgAuAHAAZABmAA8AGgAMAE0AYQBjAGkAbgB0AG8AcwBoACAASABEABIAPVVzZXJzL2R5bGFud2l3YWQvRG93bmxvYWRzL2Rpc3NlcnRhdGlvbl9wYXBlcnMvU2hyb3V0MjAwMi5wZGYAABMAAS8AABUAAgAR//8AAAAIAA0AGgAkAGUAAAAAAAACAQAAAAAAAAAFAAAAAAAAAAAAAAAAAAAB7Q==}}

@article{shariff14,
	Author = {A F Shariff and J D Greene and J C Karremans and J B Luguri and C J Clark and J W Schooler and R F Baumeister and K D Vohs},
	Date-Added = {2018-11-06 10:35:23 -0600},
	Date-Modified = {2019-04-08 17:58:20 -0700},
	Journal = {Psychological Science},
	Number = {8},
	Pages = {1563-1570},
	Title = {Free Will and Punishment: A Mechanistic View of Human Nature Reduces Retribution},
	Volume = {25},
	Year = {2014},
	Bdsk-File-1 = {YnBsaXN0MDDSAQIDBFxyZWxhdGl2ZVBhdGhZYWxpYXNEYXRhXxA9Li4vLi4vLi4vLi4vLi4vLi4vRG93bmxvYWRzL2Rpc3NlcnRhdGlvbl9wYXBlcnMvU2hhcmlmZjE0LnBkZk8RAX4AAAAAAX4AAgAADE1hY2ludG9zaCBIRAAAAAAAAAAAAAAAAAAAAAAAAABCRAAB/////w1TaGFyaWZmMTQucGRmAAAAAAAAAAAAAAAAAAAAAAAAAAAAAAAAAAAAAAAAAAAAAAAAAAAAAAAAAAAAAAAAAAD/////AAAAAAAAAAAAAAAAAAYAAwAACiBjdQAAAAAAAAAAAAAAAAATZGlzc2VydGF0aW9uX3BhcGVycwAAAgA+LzpVc2VyczpkeWxhbndpd2FkOkRvd25sb2FkczpkaXNzZXJ0YXRpb25fcGFwZXJzOlNoYXJpZmYxNC5wZGYADgAcAA0AUwBoAGEAcgBpAGYAZgAxADQALgBwAGQAZgAPABoADABNAGEAYwBpAG4AdABvAHMAaAAgAEgARAASADxVc2Vycy9keWxhbndpd2FkL0Rvd25sb2Fkcy9kaXNzZXJ0YXRpb25fcGFwZXJzL1NoYXJpZmYxNC5wZGYAEwABLwAAFQACABH//wAAAAgADQAaACQAZAAAAAAAAAIBAAAAAAAAAAUAAAAAAAAAAAAAAAAAAAHm}}

@article{schonbrodt13,
	Author = {F D Sch{\"o}nbrodt and M Perugini},
	Date-Added = {2018-11-06 10:30:27 -0600},
	Date-Modified = {2019-04-10 10:44:28 -0700},
	Journal = {Journal of Research in Personality},
	Pages = {609-612},
	Title = {At What Sample Size do Correlations Stabilize?},
	Volume = {47},
	Year = {2013},
	Bdsk-File-1 = {YnBsaXN0MDDSAQIDBFxyZWxhdGl2ZVBhdGhZYWxpYXNEYXRhXxBBLi4vLi4vLi4vLi4vLi4vLi4vRG93bmxvYWRzL2Rpc3NlcnRhdGlvbl9wYXBlcnMvc2Nob2Jyb2R0MjAxMy5wZGZPEQGOAAAAAAGOAAIAAAxNYWNpbnRvc2ggSEQAAAAAAAAAAAAAAAAAAAAAAAAAQkQAAf////8Rc2Nob2Jyb2R0MjAxMy5wZGYAAAAAAAAAAAAAAAAAAAAAAAAAAAAAAAAAAAAAAAAAAAAAAAAAAAAAAAAAAAAA/////wAAAAAAAAAAAAAAAAAGAAMAAAogY3UAAAAAAAAAAAAAAAAAE2Rpc3NlcnRhdGlvbl9wYXBlcnMAAAIAQi86VXNlcnM6ZHlsYW53aXdhZDpEb3dubG9hZHM6ZGlzc2VydGF0aW9uX3BhcGVyczpzY2hvYnJvZHQyMDEzLnBkZgAOACQAEQBzAGMAaABvAGIAcgBvAGQAdAAyADAAMQAzAC4AcABkAGYADwAaAAwATQBhAGMAaQBuAHQAbwBzAGgAIABIAEQAEgBAVXNlcnMvZHlsYW53aXdhZC9Eb3dubG9hZHMvZGlzc2VydGF0aW9uX3BhcGVycy9zY2hvYnJvZHQyMDEzLnBkZgATAAEvAAAVAAIAEf//AAAACAANABoAJABoAAAAAAAAAgEAAAAAAAAABQAAAAAAAAAAAAAAAAAAAfo=}}

@article{rucker11,
	Author = {D D Rucker and K J Preacher and Z L Tormala and R E Petty},
	Date-Added = {2018-11-06 10:27:12 -0600},
	Date-Modified = {2019-04-08 17:57:36 -0700},
	Journal = {Social and Personality Psychology Compass},
	Number = {6},
	Pages = {359-371},
	Title = {Mediation Analysis in Social Psychology: Current Practices and New Recommendations},
	Volume = {5},
	Year = {2011},
	Bdsk-File-1 = {YnBsaXN0MDDSAQIDBFxyZWxhdGl2ZVBhdGhZYWxpYXNEYXRhXxA+Li4vLi4vLi4vLi4vLi4vLi4vRG93bmxvYWRzL2Rpc3NlcnRhdGlvbl9wYXBlcnMvcnVja2VyMjAxMS5wZGZPEQGEAAAAAAGEAAIAAAxNYWNpbnRvc2ggSEQAAAAAAAAAAAAAAAAAAAAAAAAAQkQAAf////8OcnVja2VyMjAxMS5wZGYAAAAAAAAAAAAAAAAAAAAAAAAAAAAAAAAAAAAAAAAAAAAAAAAAAAAAAAAAAAAAAAAA/////wAAAAAAAAAAAAAAAAAGAAMAAAogY3UAAAAAAAAAAAAAAAAAE2Rpc3NlcnRhdGlvbl9wYXBlcnMAAAIAPy86VXNlcnM6ZHlsYW53aXdhZDpEb3dubG9hZHM6ZGlzc2VydGF0aW9uX3BhcGVyczpydWNrZXIyMDExLnBkZgAADgAeAA4AcgB1AGMAawBlAHIAMgAwADEAMQAuAHAAZABmAA8AGgAMAE0AYQBjAGkAbgB0AG8AcwBoACAASABEABIAPVVzZXJzL2R5bGFud2l3YWQvRG93bmxvYWRzL2Rpc3NlcnRhdGlvbl9wYXBlcnMvcnVja2VyMjAxMS5wZGYAABMAAS8AABUAAgAR//8AAAAIAA0AGgAkAGUAAAAAAAACAQAAAAAAAAAFAAAAAAAAAAAAAAAAAAAB7Q==}}

@article{weber83,
	Author = {R Weber and J Crocker},
	Date-Added = {2018-11-06 10:25:38 -0600},
	Date-Modified = {2019-04-08 18:00:12 -0700},
	Journal = {Journal of Personality and Social Psychology},
	Number = {5},
	Pages = {961-977},
	Title = {Cognitive Processes in the Revision of Sterotypic Beliefs},
	Volume = {45},
	Year = {1983},
	Bdsk-File-1 = {YnBsaXN0MDDSAQIDBFxyZWxhdGl2ZVBhdGhZYWxpYXNEYXRhXxA9Li4vLi4vLi4vLi4vLi4vLi4vRG93bmxvYWRzL2Rpc3NlcnRhdGlvbl9wYXBlcnMvd2ViZXIxOTgzLnBkZk8RAX4AAAAAAX4AAgAADE1hY2ludG9zaCBIRAAAAAAAAAAAAAAAAAAAAAAAAABCRAAB/////w13ZWJlcjE5ODMucGRmAAAAAAAAAAAAAAAAAAAAAAAAAAAAAAAAAAAAAAAAAAAAAAAAAAAAAAAAAAAAAAAAAAD/////AAAAAAAAAAAAAAAAAAYAAwAACiBjdQAAAAAAAAAAAAAAAAATZGlzc2VydGF0aW9uX3BhcGVycwAAAgA+LzpVc2VyczpkeWxhbndpd2FkOkRvd25sb2FkczpkaXNzZXJ0YXRpb25fcGFwZXJzOndlYmVyMTk4My5wZGYADgAcAA0AdwBlAGIAZQByADEAOQA4ADMALgBwAGQAZgAPABoADABNAGEAYwBpAG4AdABvAHMAaAAgAEgARAASADxVc2Vycy9keWxhbndpd2FkL0Rvd25sb2Fkcy9kaXNzZXJ0YXRpb25fcGFwZXJzL3dlYmVyMTk4My5wZGYAEwABLwAAFQACABH//wAAAAgADQAaACQAZAAAAAAAAAIBAAAAAAAAAAUAAAAAAAAAAAAAAAAAAAHm}}

@inbook{rothbart81,
	Address = {Hillsdale, NJ},
	Author = {M Rothbart},
	Date-Added = {2018-11-06 10:23:01 -0600},
	Date-Modified = {2019-04-08 17:57:20 -0700},
	Editor = {D Hamilton},
	Publisher = {Erlbaum},
	Title = {Memory Processes and Social Beliefs},
	Year = {1981}}

@article{piff18,
	Address = {Burlington, MA},
	Author = {Piff, P K and Kraus, M W and Keltner, D},
	Chapter = {2},
	Date-Added = {2018-11-06 10:06:25 -0600},
	Date-Modified = {2019-04-08 18:03:58 -0700},
	Doi = {10.1016/bs.aesp.2017.10.002},
	Editor = {James M Olson},
	Isbn = {9780128146897},
	Issn = {0065-2601},
	Journal = {Advances in Experimental Social Psychology},
	Pages = {53-124},
	Publisher = {Elsevier},
	Title = {Unpacking the Inequality Paradox: The Psychological Roots of Inequality and Social Class},
	Url = {http://dx.doi.org/10.1016/bs.aesp.2017.10.002},
	Volume = {57},
	Year = {2018},
	Bdsk-File-1 = {YnBsaXN0MDDSAQIDBFxyZWxhdGl2ZVBhdGhZYWxpYXNEYXRhXxA6Li4vLi4vLi4vLi4vLi4vLi4vRG93bmxvYWRzL2Rpc3NlcnRhdGlvbl9wYXBlcnMvcGlmZjE4LnBkZk8RAXQAAAAAAXQAAgAADE1hY2ludG9zaCBIRAAAAAAAAAAAAAAAAAAAAAAAAABCRAAB/////wpwaWZmMTgucGRmAAAAAAAAAAAAAAAAAAAAAAAAAAAAAAAAAAAAAAAAAAAAAAAAAAAAAAAAAAAAAAAAAAAAAAD/////AAAAAAAAAAAAAAAAAAYAAwAACiBjdQAAAAAAAAAAAAAAAAATZGlzc2VydGF0aW9uX3BhcGVycwAAAgA7LzpVc2VyczpkeWxhbndpd2FkOkRvd25sb2FkczpkaXNzZXJ0YXRpb25fcGFwZXJzOnBpZmYxOC5wZGYAAA4AFgAKAHAAaQBmAGYAMQA4AC4AcABkAGYADwAaAAwATQBhAGMAaQBuAHQAbwBzAGgAIABIAEQAEgA5VXNlcnMvZHlsYW53aXdhZC9Eb3dubG9hZHMvZGlzc2VydGF0aW9uX3BhcGVycy9waWZmMTgucGRmAAATAAEvAAAVAAIAEf//AAAACAANABoAJABhAAAAAAAAAgEAAAAAAAAABQAAAAAAAAAAAAAAAAAAAdk=}}

@article{petersen82,
	Author = {C Petersen and A Semmel and C von Baeyer and L Y Abramson and G I Metalsky and M E P Seligman},
	Date-Added = {2018-11-06 10:03:56 -0600},
	Date-Modified = {2019-04-08 17:55:46 -0700},
	Journal = {Cognitive Therapy and Research},
	Number = {3},
	Pages = {287-300},
	Title = {The Attributional Style Questionnaire},
	Volume = {6},
	Year = {1982},
	Bdsk-File-1 = {YnBsaXN0MDDSAQIDBFxyZWxhdGl2ZVBhdGhZYWxpYXNEYXRhXxBALi4vLi4vLi4vLi4vLi4vLi4vRG93bmxvYWRzL2Rpc3NlcnRhdGlvbl9wYXBlcnMvUGV0ZXJzb24xOTgyLnBkZk8RAYwAAAAAAYwAAgAADE1hY2ludG9zaCBIRAAAAAAAAAAAAAAAAAAAAAAAAABCRAAB/////xBQZXRlcnNvbjE5ODIucGRmAAAAAAAAAAAAAAAAAAAAAAAAAAAAAAAAAAAAAAAAAAAAAAAAAAAAAAAAAAAAAAD/////AAAAAAAAAAAAAAAAAAYAAwAACiBjdQAAAAAAAAAAAAAAAAATZGlzc2VydGF0aW9uX3BhcGVycwAAAgBBLzpVc2VyczpkeWxhbndpd2FkOkRvd25sb2FkczpkaXNzZXJ0YXRpb25fcGFwZXJzOlBldGVyc29uMTk4Mi5wZGYAAA4AIgAQAFAAZQB0AGUAcgBzAG8AbgAxADkAOAAyAC4AcABkAGYADwAaAAwATQBhAGMAaQBuAHQAbwBzAGgAIABIAEQAEgA/VXNlcnMvZHlsYW53aXdhZC9Eb3dubG9hZHMvZGlzc2VydGF0aW9uX3BhcGVycy9QZXRlcnNvbjE5ODIucGRmAAATAAEvAAAVAAIAEf//AAAACAANABoAJABnAAAAAAAAAgEAAAAAAAAABQAAAAAAAAAAAAAAAAAAAfc=}}

@article{osborne15,
	Author = {Osborne, D and Weiner, B},
	Date-Added = {2018-11-06 10:02:50 -0600},
	Date-Modified = {2019-04-08 18:04:04 -0700},
	Doi = {10.1016/j.paid.2015.05.007},
	Issn = {0191-8869},
	Journal = {Personality and Individual Differences},
	Month = {Oct},
	Pages = {149--154},
	Publisher = {Elsevier BV},
	Title = {A latent profile analysis of attributions for poverty: Identifying response patterns underlying people's willingness to help the poor},
	Url = {http://dx.doi.org/10.1016/j.paid.2015.05.007},
	Volume = {85},
	Year = {2015},
	Bdsk-File-1 = {YnBsaXN0MDDSAQIDBFxyZWxhdGl2ZVBhdGhZYWxpYXNEYXRhXxA/Li4vLi4vLi4vLi4vLi4vLi4vRG93bmxvYWRzL2Rpc3NlcnRhdGlvbl9wYXBlcnMvT3Nib3JuZTIwMTUucGRmTxEBhgAAAAABhgACAAAMTWFjaW50b3NoIEhEAAAAAAAAAAAAAAAAAAAAAAAAAEJEAAH/////D09zYm9ybmUyMDE1LnBkZgAAAAAAAAAAAAAAAAAAAAAAAAAAAAAAAAAAAAAAAAAAAAAAAAAAAAAAAAAAAAAAAP////8AAAAAAAAAAAAAAAAABgADAAAKIGN1AAAAAAAAAAAAAAAAABNkaXNzZXJ0YXRpb25fcGFwZXJzAAACAEAvOlVzZXJzOmR5bGFud2l3YWQ6RG93bmxvYWRzOmRpc3NlcnRhdGlvbl9wYXBlcnM6T3Nib3JuZTIwMTUucGRmAA4AIAAPAE8AcwBiAG8AcgBuAGUAMgAwADEANQAuAHAAZABmAA8AGgAMAE0AYQBjAGkAbgB0AG8AcwBoACAASABEABIAPlVzZXJzL2R5bGFud2l3YWQvRG93bmxvYWRzL2Rpc3NlcnRhdGlvbl9wYXBlcnMvT3Nib3JuZTIwMTUucGRmABMAAS8AABUAAgAR//8AAAAIAA0AGgAkAGYAAAAAAAACAQAAAAAAAAAFAAAAAAAAAAAAAAAAAAAB8A==}}

@article{obrien79,
	Author = {P C O'Brien and T R Fleming},
	Date-Added = {2018-11-06 09:59:00 -0600},
	Date-Modified = {2019-04-08 17:55:02 -0700},
	Journal = {Biometrics},
	Pages = {549-556},
	Title = {A Multiple Testing Procedure for Clinical Trials},
	Volume = {35},
	Year = {1979},
	Bdsk-File-1 = {YnBsaXN0MDDSAQIDBFxyZWxhdGl2ZVBhdGhZYWxpYXNEYXRhXxA+Li4vLi4vLi4vLi4vLi4vLi4vRG93bmxvYWRzL2Rpc3NlcnRhdGlvbl9wYXBlcnMvb2JyaWVuMTk3OS5wZGZPEQGEAAAAAAGEAAIAAAxNYWNpbnRvc2ggSEQAAAAAAAAAAAAAAAAAAAAAAAAAQkQAAf////8Ob2JyaWVuMTk3OS5wZGYAAAAAAAAAAAAAAAAAAAAAAAAAAAAAAAAAAAAAAAAAAAAAAAAAAAAAAAAAAAAAAAAA/////wAAAAAAAAAAAAAAAAAGAAMAAAogY3UAAAAAAAAAAAAAAAAAE2Rpc3NlcnRhdGlvbl9wYXBlcnMAAAIAPy86VXNlcnM6ZHlsYW53aXdhZDpEb3dubG9hZHM6ZGlzc2VydGF0aW9uX3BhcGVyczpvYnJpZW4xOTc5LnBkZgAADgAeAA4AbwBiAHIAaQBlAG4AMQA5ADcAOQAuAHAAZABmAA8AGgAMAE0AYQBjAGkAbgB0AG8AcwBoACAASABEABIAPVVzZXJzL2R5bGFud2l3YWQvRG93bmxvYWRzL2Rpc3NlcnRhdGlvbl9wYXBlcnMvb2JyaWVuMTk3OS5wZGYAABMAAS8AABUAAgAR//8AAAAIAA0AGgAkAGUAAAAAAAACAQAAAAAAAAAFAAAAAAAAAAAAAAAAAAAB7Q==}}

@article{norton11,
	Author = {Norton, M I and Ariely, D},
	Date-Added = {2018-11-06 09:57:40 -0600},
	Date-Modified = {2019-04-08 18:04:08 -0700},
	Doi = {10.1177/1745691610393524},
	Issn = {1745-6924},
	Journal = {Perspectives on Psychological Science},
	Month = {Jan},
	Number = {1},
	Pages = {9--12},
	Publisher = {SAGE Publications},
	Title = {Building a Better America---One Wealth Quintile at a Time},
	Url = {http://dx.doi.org/10.1177/1745691610393524},
	Volume = {6},
	Year = {2011},
	Bdsk-File-1 = {YnBsaXN0MDDSAQIDBFxyZWxhdGl2ZVBhdGhZYWxpYXNEYXRhXxA+Li4vLi4vLi4vLi4vLi4vLi4vRG93bmxvYWRzL2Rpc3NlcnRhdGlvbl9wYXBlcnMvbm9ydG9uMjAxMS5wZGZPEQGEAAAAAAGEAAIAAAxNYWNpbnRvc2ggSEQAAAAAAAAAAAAAAAAAAAAAAAAAQkQAAf////8Obm9ydG9uMjAxMS5wZGYAAAAAAAAAAAAAAAAAAAAAAAAAAAAAAAAAAAAAAAAAAAAAAAAAAAAAAAAAAAAAAAAA/////wAAAAAAAAAAAAAAAAAGAAMAAAogY3UAAAAAAAAAAAAAAAAAE2Rpc3NlcnRhdGlvbl9wYXBlcnMAAAIAPy86VXNlcnM6ZHlsYW53aXdhZDpEb3dubG9hZHM6ZGlzc2VydGF0aW9uX3BhcGVyczpub3J0b24yMDExLnBkZgAADgAeAA4AbgBvAHIAdABvAG4AMgAwADEAMQAuAHAAZABmAA8AGgAMAE0AYQBjAGkAbgB0AG8AcwBoACAASABEABIAPVVzZXJzL2R5bGFud2l3YWQvRG93bmxvYWRzL2Rpc3NlcnRhdGlvbl9wYXBlcnMvbm9ydG9uMjAxMS5wZGYAABMAAS8AABUAAgAR//8AAAAIAA0AGgAkAGUAAAAAAAACAQAAAAAAAAAFAAAAAAAAAAAAAAAAAAAB7Q==}}

@article{nickols11,
	Author = {Nickols, S Y and Nielsen, R B},
	Date-Added = {2018-11-06 09:56:52 -0600},
	Date-Modified = {2019-04-08 18:04:13 -0700},
	Doi = {10.1080/10875549.2011.539400},
	Issn = {1540-7608},
	Journal = {Journal of Poverty},
	Month = {Jan},
	Number = {1},
	Pages = {22--42},
	Publisher = {Informa UK Limited},
	Title = {"So Many People are Struggling'': Developing Social Empathy Through a Poverty Simulation},
	Url = {http://dx.doi.org/10.1080/10875549.2011.539400},
	Volume = {15},
	Year = {2011},
	Bdsk-File-1 = {YnBsaXN0MDDSAQIDBFxyZWxhdGl2ZVBhdGhZYWxpYXNEYXRhXxA/Li4vLi4vLi4vLi4vLi4vLi4vRG93bmxvYWRzL2Rpc3NlcnRhdGlvbl9wYXBlcnMvbmlja29sczIwMTEucGRmTxEBhgAAAAABhgACAAAMTWFjaW50b3NoIEhEAAAAAAAAAAAAAAAAAAAAAAAAAEJEAAH/////D25pY2tvbHMyMDExLnBkZgAAAAAAAAAAAAAAAAAAAAAAAAAAAAAAAAAAAAAAAAAAAAAAAAAAAAAAAAAAAAAAAP////8AAAAAAAAAAAAAAAAABgADAAAKIGN1AAAAAAAAAAAAAAAAABNkaXNzZXJ0YXRpb25fcGFwZXJzAAACAEAvOlVzZXJzOmR5bGFud2l3YWQ6RG93bmxvYWRzOmRpc3NlcnRhdGlvbl9wYXBlcnM6bmlja29sczIwMTEucGRmAA4AIAAPAG4AaQBjAGsAbwBsAHMAMgAwADEAMQAuAHAAZABmAA8AGgAMAE0AYQBjAGkAbgB0AG8AcwBoACAASABEABIAPlVzZXJzL2R5bGFud2l3YWQvRG93bmxvYWRzL2Rpc3NlcnRhdGlvbl9wYXBlcnMvbmlja29sczIwMTEucGRmABMAAS8AABUAAgAR//8AAAAIAA0AGgAkAGYAAAAAAAACAQAAAAAAAAAFAAAAAAAAAAAAAAAAAAAB8A==}}

@article{miller81,
	Author = {F D Miller and E R Smith and J Uleman},
	Date-Added = {2018-11-06 09:44:56 -0600},
	Date-Modified = {2019-04-08 17:54:06 -0700},
	Journal = {Journal of Experimental social Psychology},
	Number = {1},
	Pages = {80-95},
	Title = {Measurement and Interpretation of Situational and Dispositional Attributions},
	Volume = {17},
	Year = {1981},
	Bdsk-File-1 = {YnBsaXN0MDDSAQIDBFxyZWxhdGl2ZVBhdGhZYWxpYXNEYXRhXxA+Li4vLi4vLi4vLi4vLi4vLi4vRG93bmxvYWRzL2Rpc3NlcnRhdGlvbl9wYXBlcnMvTWlsbGVyMTk4MS5wZGZPEQGEAAAAAAGEAAIAAAxNYWNpbnRvc2ggSEQAAAAAAAAAAAAAAAAAAAAAAAAAQkQAAf////8OTWlsbGVyMTk4MS5wZGYAAAAAAAAAAAAAAAAAAAAAAAAAAAAAAAAAAAAAAAAAAAAAAAAAAAAAAAAAAAAAAAAA/////wAAAAAAAAAAAAAAAAAGAAMAAAogY3UAAAAAAAAAAAAAAAAAE2Rpc3NlcnRhdGlvbl9wYXBlcnMAAAIAPy86VXNlcnM6ZHlsYW53aXdhZDpEb3dubG9hZHM6ZGlzc2VydGF0aW9uX3BhcGVyczpNaWxsZXIxOTgxLnBkZgAADgAeAA4ATQBpAGwAbABlAHIAMQA5ADgAMQAuAHAAZABmAA8AGgAMAE0AYQBjAGkAbgB0AG8AcwBoACAASABEABIAPVVzZXJzL2R5bGFud2l3YWQvRG93bmxvYWRzL2Rpc3NlcnRhdGlvbl9wYXBlcnMvTWlsbGVyMTk4MS5wZGYAABMAAS8AABUAAgAR//8AAAAIAA0AGgAkAGUAAAAAAAACAQAAAAAAAAAFAAAAAAAAAAAAAAAAAAAB7Q==}}

@article{menzel14,
	Author = {Menzel, N and Willson, L H and Doolen, J},
	Date-Added = {2018-11-06 09:43:30 -0600},
	Date-Modified = {2019-04-08 18:04:19 -0700},
	Doi = {10.1515/ijnes-2013-0076},
	Issn = {1548-923X},
	Journal = {International Journal of Nursing Education Scholarship},
	Month = {Jan},
	Number = {1},
	Publisher = {Walter de Gruyter GmbH},
	Title = {Effectiveness of a Poverty Simulation in Second Life{\textregistered}: Changing Nursing Student Attitudes toward Poor People},
	Url = {http://dx.doi.org/10.1515/ijnes-2013-0076},
	Volume = {11},
	Year = {2014},
	Bdsk-File-1 = {YnBsaXN0MDDSAQIDBFxyZWxhdGl2ZVBhdGhZYWxpYXNEYXRhXxA+Li4vLi4vLi4vLi4vLi4vLi4vRG93bmxvYWRzL2Rpc3NlcnRhdGlvbl9wYXBlcnMvbWVuemVsMjAxMy5wZGZPEQGEAAAAAAGEAAIAAAxNYWNpbnRvc2ggSEQAAAAAAAAAAAAAAAAAAAAAAAAAQkQAAf////8ObWVuemVsMjAxMy5wZGYAAAAAAAAAAAAAAAAAAAAAAAAAAAAAAAAAAAAAAAAAAAAAAAAAAAAAAAAAAAAAAAAA/////wAAAAAAAAAAAAAAAAAGAAMAAAogY3UAAAAAAAAAAAAAAAAAE2Rpc3NlcnRhdGlvbl9wYXBlcnMAAAIAPy86VXNlcnM6ZHlsYW53aXdhZDpEb3dubG9hZHM6ZGlzc2VydGF0aW9uX3BhcGVyczptZW56ZWwyMDEzLnBkZgAADgAeAA4AbQBlAG4AegBlAGwAMgAwADEAMwAuAHAAZABmAA8AGgAMAE0AYQBjAGkAbgB0AG8AcwBoACAASABEABIAPVVzZXJzL2R5bGFud2l3YWQvRG93bmxvYWRzL2Rpc3NlcnRhdGlvbl9wYXBlcnMvbWVuemVsMjAxMy5wZGYAABMAAS8AABUAAgAR//8AAAAIAA0AGgAkAGUAAAAAAAACAQAAAAAAAAAFAAAAAAAAAAAAAAAAAAAB7Q==}}

@book{mchugh12,
	Address = {Oakland, CA},
	Date-Added = {2018-11-06 09:37:34 -0600},
	Date-Modified = {2019-04-08 17:53:47 -0700},
	Edition = {1},
	Editor = {L McHugh and I Stewart},
	Publisher = {Context Press},
	Title = {The Self and Perspective Taking: Contributions and Applications from Modern Behavioral Science},
	Year = {2012}}

@article{mccall17,
	Author = {McCall, L and Burk, D and Laperri{\`e}re, M and Richeson, J A},
	Date-Added = {2018-11-06 09:20:02 -0600},
	Date-Modified = {2019-04-08 18:04:30 -0700},
	Doi = {10.1073/pnas.1706253114},
	Issn = {1091-6490},
	Journal = {Proceedings of the National Academy of Sciences},
	Month = {Aug},
	Number = {36},
	Pages = {9593--9598},
	Publisher = {Proceedings of the National Academy of Sciences},
	Title = {Exposure to rising inequality shapes Americans' opportunity beliefs and policy support},
	Url = {http://dx.doi.org/10.1073/pnas.1706253114},
	Volume = {114},
	Year = {2017},
	Bdsk-File-1 = {YnBsaXN0MDDSAQIDBFxyZWxhdGl2ZVBhdGhZYWxpYXNEYXRhXxA8Li4vLi4vLi4vLi4vLi4vLi4vRG93bmxvYWRzL2Rpc3NlcnRhdGlvbl9wYXBlcnMvbWNjYWxsMTcucGRmTxEBfAAAAAABfAACAAAMTWFjaW50b3NoIEhEAAAAAAAAAAAAAAAAAAAAAAAAAEJEAAH/////DG1jY2FsbDE3LnBkZgAAAAAAAAAAAAAAAAAAAAAAAAAAAAAAAAAAAAAAAAAAAAAAAAAAAAAAAAAAAAAAAAAAAP////8AAAAAAAAAAAAAAAAABgADAAAKIGN1AAAAAAAAAAAAAAAAABNkaXNzZXJ0YXRpb25fcGFwZXJzAAACAD0vOlVzZXJzOmR5bGFud2l3YWQ6RG93bmxvYWRzOmRpc3NlcnRhdGlvbl9wYXBlcnM6bWNjYWxsMTcucGRmAAAOABoADABtAGMAYwBhAGwAbAAxADcALgBwAGQAZgAPABoADABNAGEAYwBpAG4AdABvAHMAaAAgAEgARAASADtVc2Vycy9keWxhbndpd2FkL0Rvd25sb2Fkcy9kaXNzZXJ0YXRpb25fcGFwZXJzL21jY2FsbDE3LnBkZgAAEwABLwAAFQACABH//wAAAAgADQAaACQAYwAAAAAAAAIBAAAAAAAAAAUAAAAAAAAAAAAAAAAAAAHj}}

@article{mani13,
	Author = {A Mani and S Mullainathan and E Shafir and J Zhao},
	Date-Added = {2018-11-06 09:17:42 -0600},
	Date-Modified = {2019-04-08 17:23:46 -0700},
	Journal = {Science},
	Number = {6149},
	Pages = {976-980},
	Title = {Poverty Impedes Cognitive Function},
	Volume = {341},
	Year = {2013},
	Bdsk-File-1 = {YnBsaXN0MDDSAQIDBFxyZWxhdGl2ZVBhdGhZYWxpYXNEYXRhXxA8Li4vLi4vLi4vLi4vLi4vLi4vRG93bmxvYWRzL2Rpc3NlcnRhdGlvbl9wYXBlcnMvbWFuaTIwMTMucGRmTxEBfAAAAAABfAACAAAMTWFjaW50b3NoIEhEAAAAAAAAAAAAAAAAAAAAAAAAAEJEAAH/////DG1hbmkyMDEzLnBkZgAAAAAAAAAAAAAAAAAAAAAAAAAAAAAAAAAAAAAAAAAAAAAAAAAAAAAAAAAAAAAAAAAAAP////8AAAAAAAAAAAAAAAAABgADAAAKIGN1AAAAAAAAAAAAAAAAABNkaXNzZXJ0YXRpb25fcGFwZXJzAAACAD0vOlVzZXJzOmR5bGFud2l3YWQ6RG93bmxvYWRzOmRpc3NlcnRhdGlvbl9wYXBlcnM6bWFuaTIwMTMucGRmAAAOABoADABtAGEAbgBpADIAMAAxADMALgBwAGQAZgAPABoADABNAGEAYwBpAG4AdABvAHMAaAAgAEgARAASADtVc2Vycy9keWxhbndpd2FkL0Rvd25sb2Fkcy9kaXNzZXJ0YXRpb25fcGFwZXJzL21hbmkyMDEzLnBkZgAAEwABLwAAFQACABH//wAAAAgADQAaACQAYwAAAAAAAAIBAAAAAAAAAAUAAAAAAAAAAAAAAAAAAAHj}}

@article{malek17,
	Author = {A Malek and Y Chow and S Katariya and M Ghavamzadeh},
	Date-Added = {2018-11-06 09:13:06 -0600},
	Date-Modified = {2019-04-08 17:53:13 -0700},
	Journal = {Proceedings of the 20th International Conference on Artificial Intelligence and Statistics},
	Pages = {1468-1476},
	Title = {Sequential Multiple Hypothesis Testing with Type I Error Control},
	Volume = {54},
	Year = {2017},
	Bdsk-File-1 = {YnBsaXN0MDDSAQIDBFxyZWxhdGl2ZVBhdGhZYWxpYXNEYXRhXxA9Li4vLi4vLi4vLi4vLi4vLi4vRG93bmxvYWRzL2Rpc3NlcnRhdGlvbl9wYXBlcnMvbWFsZWsyMDE3LnBkZk8RAX4AAAAAAX4AAgAADE1hY2ludG9zaCBIRAAAAAAAAAAAAAAAAAAAAAAAAABCRAAB/////w1tYWxlazIwMTcucGRmAAAAAAAAAAAAAAAAAAAAAAAAAAAAAAAAAAAAAAAAAAAAAAAAAAAAAAAAAAAAAAAAAAD/////AAAAAAAAAAAAAAAAAAYAAwAACiBjdQAAAAAAAAAAAAAAAAATZGlzc2VydGF0aW9uX3BhcGVycwAAAgA+LzpVc2VyczpkeWxhbndpd2FkOkRvd25sb2FkczpkaXNzZXJ0YXRpb25fcGFwZXJzOm1hbGVrMjAxNy5wZGYADgAcAA0AbQBhAGwAZQBrADIAMAAxADcALgBwAGQAZgAPABoADABNAGEAYwBpAG4AdABvAHMAaAAgAEgARAASADxVc2Vycy9keWxhbndpd2FkL0Rvd25sb2Fkcy9kaXNzZXJ0YXRpb25fcGFwZXJzL21hbGVrMjAxNy5wZGYAEwABLwAAFQACABH//wAAAAgADQAaACQAZAAAAAAAAAIBAAAAAAAAAAUAAAAAAAAAAAAAAAAAAAHm}}

@article{Lakens14,
	Author = {Lakens, D},
	Date-Added = {2018-11-06 09:12:13 -0600},
	Date-Modified = {2019-04-08 17:52:19 -0700},
	Doi = {10.1002/ejsp.2023},
	Issn = {0046-2772},
	Journal = {European Journal of Social Psychology},
	Month = {Aug},
	Number = {7},
	Pages = {701--710},
	Publisher = {Wiley},
	Title = {Performing high-powered studies efficiently with sequential analyses},
	Url = {http://dx.doi.org/10.1002/ejsp.2023},
	Volume = {44},
	Year = {2014},
	Bdsk-File-1 = {YnBsaXN0MDDSAQIDBFxyZWxhdGl2ZVBhdGhZYWxpYXNEYXRhXxA+Li4vLi4vLi4vLi4vLi4vLi4vRG93bmxvYWRzL2Rpc3NlcnRhdGlvbl9wYXBlcnMvTGFrZW5zMjAxNC5wZGZPEQGEAAAAAAGEAAIAAAxNYWNpbnRvc2ggSEQAAAAAAAAAAAAAAAAAAAAAAAAAQkQAAf////8OTGFrZW5zMjAxNC5wZGYAAAAAAAAAAAAAAAAAAAAAAAAAAAAAAAAAAAAAAAAAAAAAAAAAAAAAAAAAAAAAAAAA/////wAAAAAAAAAAAAAAAAAGAAMAAAogY3UAAAAAAAAAAAAAAAAAE2Rpc3NlcnRhdGlvbl9wYXBlcnMAAAIAPy86VXNlcnM6ZHlsYW53aXdhZDpEb3dubG9hZHM6ZGlzc2VydGF0aW9uX3BhcGVyczpMYWtlbnMyMDE0LnBkZgAADgAeAA4ATABhAGsAZQBuAHMAMgAwADEANAAuAHAAZABmAA8AGgAMAE0AYQBjAGkAbgB0AG8AcwBoACAASABEABIAPVVzZXJzL2R5bGFud2l3YWQvRG93bmxvYWRzL2Rpc3NlcnRhdGlvbl9wYXBlcnMvTGFrZW5zMjAxNC5wZGYAABMAAS8AABUAAgAR//8AAAAIAA0AGgAkAGUAAAAAAAACAQAAAAAAAAAFAAAAAAAAAAAAAAAAAAAB7Q==}}

@article{Kraus09,
	Author = {Kraus, M W. and Piff, P K and Keltner, D},
	Date-Added = {2018-11-06 09:11:06 -0600},
	Date-Modified = {2019-04-08 17:51:44 -0700},
	Doi = {10.1037/a0016357},
	Issn = {0022-3514},
	Journal = {Journal of Personality and Social Psychology},
	Number = {6},
	Pages = {992--1004},
	Publisher = {American Psychological Association (APA)},
	Title = {Social class, sense of control, and social explanation.},
	Url = {http://dx.doi.org/10.1037/a0016357},
	Volume = {97},
	Year = {2009},
	Bdsk-File-1 = {YnBsaXN0MDDSAQIDBFxyZWxhdGl2ZVBhdGhZYWxpYXNEYXRhXxA9Li4vLi4vLi4vLi4vLi4vLi4vRG93bmxvYWRzL2Rpc3NlcnRhdGlvbl9wYXBlcnMva3JhdXMyMDA5LnBkZk8RAX4AAAAAAX4AAgAADE1hY2ludG9zaCBIRAAAAAAAAAAAAAAAAAAAAAAAAABCRAAB/////w1rcmF1czIwMDkucGRmAAAAAAAAAAAAAAAAAAAAAAAAAAAAAAAAAAAAAAAAAAAAAAAAAAAAAAAAAAAAAAAAAAD/////AAAAAAAAAAAAAAAAAAYAAwAACiBjdQAAAAAAAAAAAAAAAAATZGlzc2VydGF0aW9uX3BhcGVycwAAAgA+LzpVc2VyczpkeWxhbndpd2FkOkRvd25sb2FkczpkaXNzZXJ0YXRpb25fcGFwZXJzOmtyYXVzMjAwOS5wZGYADgAcAA0AawByAGEAdQBzADIAMAAwADkALgBwAGQAZgAPABoADABNAGEAYwBpAG4AdABvAHMAaAAgAEgARAASADxVc2Vycy9keWxhbndpd2FkL0Rvd25sb2Fkcy9kaXNzZXJ0YXRpb25fcGFwZXJzL2tyYXVzMjAwOS5wZGYAEwABLwAAFQACABH//wAAAAgADQAaACQAZAAAAAAAAAIBAAAAAAAAAAUAAAAAAAAAAAAAAAAAAAHm}}

@article{garcia18,
	Author = {Garc{\'\i}a-S{\'a}nchez, E and Van der Toorn, J and Rodr{\'\i}guez-Bail{\'o}n, R and Willis, G B},
	Date-Added = {2018-11-06 09:10:36 -0600},
	Date-Modified = {2019-04-08 17:45:23 -0700},
	Doi = {10.1177/1948550618811500},
	Issn = {1948-5514},
	Journal = {Social Psychological and Personality Science},
	Month = {Nov},
	Pages = {194855061881150},
	Publisher = {SAGE Publications},
	Title = {The Vicious Cycle of Economic Inequality},
	Url = {http://dx.doi.org/10.1177/1948550618811500},
	Year = {2018},
	Bdsk-File-1 = {YnBsaXN0MDDSAQIDBFxyZWxhdGl2ZVBhdGhZYWxpYXNEYXRhXxBGLi4vLi4vLi4vLi4vLi4vLi4vRG93bmxvYWRzL2Rpc3NlcnRhdGlvbl9wYXBlcnMvZ2FyY2lhLXNhbmNoZXoyMDE4LnBkZk8RAaQAAAAAAaQAAgAADE1hY2ludG9zaCBIRAAAAAAAAAAAAAAAAAAAAAAAAABCRAAB/////xZnYXJjaWEtc2FuY2hlejIwMTgucGRmAAAAAAAAAAAAAAAAAAAAAAAAAAAAAAAAAAAAAAAAAAAAAAAAAAAAAAD/////AAAAAAAAAAAAAAAAAAYAAwAACiBjdQAAAAAAAAAAAAAAAAATZGlzc2VydGF0aW9uX3BhcGVycwAAAgBHLzpVc2VyczpkeWxhbndpd2FkOkRvd25sb2FkczpkaXNzZXJ0YXRpb25fcGFwZXJzOmdhcmNpYS1zYW5jaGV6MjAxOC5wZGYAAA4ALgAWAGcAYQByAGMAaQBhAC0AcwBhAG4AYwBoAGUAegAyADAAMQA4AC4AcABkAGYADwAaAAwATQBhAGMAaQBuAHQAbwBzAGgAIABIAEQAEgBFVXNlcnMvZHlsYW53aXdhZC9Eb3dubG9hZHMvZGlzc2VydGF0aW9uX3BhcGVycy9nYXJjaWEtc2FuY2hlejIwMTgucGRmAAATAAEvAAAVAAIAEf//AAAACAANABoAJABtAAAAAAAAAgEAAAAAAAAABQAAAAAAAAAAAAAAAAAAAhU=}}

@book{kluegel86,
	Address = {Hawthorne, NY},
	Author = {J R Kluegel and E R Smith},
	Date-Added = {2018-11-06 09:07:47 -0600},
	Date-Modified = {2019-04-08 17:51:29 -0700},
	Publisher = {Aldine de Gruyter},
	Title = {Social Institutions and Social Change. Beliefs about Inequality: Americans' View of What is and What Ought to be},
	Year = {1986}}

@article{klaczynski04,
	Author = {P A Klaczynski and K W Goold and J J Mudry},
	Date-Added = {2018-11-06 09:05:46 -0600},
	Date-Modified = {2019-04-08 17:51:08 -0700},
	Journal = {Journal of Youth and Adolescence},
	Number = {4},
	Pages = {307-317},
	Title = {Culture of Obesity Stereotypes, Self-Esteem, and the "Thin Ideal": A Social Identity Perspective},
	Volume = {33},
	Year = {2004},
	Bdsk-File-1 = {YnBsaXN0MDDSAQIDBFxyZWxhdGl2ZVBhdGhZYWxpYXNEYXRhXxBCLi4vLi4vLi4vLi4vLi4vLi4vRG93bmxvYWRzL2Rpc3NlcnRhdGlvbl9wYXBlcnMvS2xhY3p5bnNraTIwMDQucGRmTxEBlAAAAAABlAACAAAMTWFjaW50b3NoIEhEAAAAAAAAAAAAAAAAAAAAAAAAAEJEAAH/////EktsYWN6eW5za2kyMDA0LnBkZgAAAAAAAAAAAAAAAAAAAAAAAAAAAAAAAAAAAAAAAAAAAAAAAAAAAAAAAAAAAP////8AAAAAAAAAAAAAAAAABgADAAAKIGN1AAAAAAAAAAAAAAAAABNkaXNzZXJ0YXRpb25fcGFwZXJzAAACAEMvOlVzZXJzOmR5bGFud2l3YWQ6RG93bmxvYWRzOmRpc3NlcnRhdGlvbl9wYXBlcnM6S2xhY3p5bnNraTIwMDQucGRmAAAOACYAEgBLAGwAYQBjAHoAeQBuAHMAawBpADIAMAAwADQALgBwAGQAZgAPABoADABNAGEAYwBpAG4AdABvAHMAaAAgAEgARAASAEFVc2Vycy9keWxhbndpd2FkL0Rvd25sb2Fkcy9kaXNzZXJ0YXRpb25fcGFwZXJzL0tsYWN6eW5za2kyMDA0LnBkZgAAEwABLwAAFQACABH//wAAAAgADQAaACQAaQAAAAAAAAIBAAAAAAAAAAUAAAAAAAAAAAAAAAAAAAIB}}

@article{kiatpongsan14,
	Author = {Kiatpongsan, S and Norton, M I},
	Date-Added = {2018-11-06 09:00:42 -0600},
	Date-Modified = {2019-04-08 17:50:49 -0700},
	Doi = {10.1177/1745691614549773},
	Issn = {1745-6924},
	Journal = {Perspectives on Psychological Science},
	Month = {Nov},
	Number = {6},
	Pages = {587--593},
	Publisher = {SAGE Publications},
	Title = {How Much (More) Should CEOs Make? A Universal Desire for More Equal Pay},
	Url = {http://dx.doi.org/10.1177/1745691614549773},
	Volume = {9},
	Year = {2014},
	Bdsk-File-1 = {YnBsaXN0MDDSAQIDBFxyZWxhdGl2ZVBhdGhZYWxpYXNEYXRhXxBDLi4vLi4vLi4vLi4vLi4vLi4vRG93bmxvYWRzL2Rpc3NlcnRhdGlvbl9wYXBlcnMva2lhdHBvbmdzYW4yMDE0LnBkZk8RAZYAAAAAAZYAAgAADE1hY2ludG9zaCBIRAAAAAAAAAAAAAAAAAAAAAAAAABCRAAB/////xNraWF0cG9uZ3NhbjIwMTQucGRmAAAAAAAAAAAAAAAAAAAAAAAAAAAAAAAAAAAAAAAAAAAAAAAAAAAAAAAAAAD/////AAAAAAAAAAAAAAAAAAYAAwAACiBjdQAAAAAAAAAAAAAAAAATZGlzc2VydGF0aW9uX3BhcGVycwAAAgBELzpVc2VyczpkeWxhbndpd2FkOkRvd25sb2FkczpkaXNzZXJ0YXRpb25fcGFwZXJzOmtpYXRwb25nc2FuMjAxNC5wZGYADgAoABMAawBpAGEAdABwAG8AbgBnAHMAYQBuADIAMAAxADQALgBwAGQAZgAPABoADABNAGEAYwBpAG4AdABvAHMAaAAgAEgARAASAEJVc2Vycy9keWxhbndpd2FkL0Rvd25sb2Fkcy9kaXNzZXJ0YXRpb25fcGFwZXJzL2tpYXRwb25nc2FuMjAxNC5wZGYAEwABLwAAFQACABH//wAAAAgADQAaACQAagAAAAAAAAIBAAAAAAAAAAUAAAAAAAAAAAAAAAAAAAIE}}

@article{ioannidis05,
	Author = {Ioannidis, J P A},
	Date-Added = {2018-11-06 08:58:34 -0600},
	Date-Modified = {2019-04-08 18:04:41 -0700},
	Doi = {10.1371/journal.pmed.0020124},
	Issn = {1549-1676},
	Journal = {PLoS Medicine},
	Month = {Aug},
	Number = {8},
	Pages = {e124},
	Publisher = {Public Library of Science (PLoS)},
	Title = {Why Most Published Research Findings Are False},
	Url = {http://dx.doi.org/10.1371/journal.pmed.0020124},
	Volume = {2},
	Year = {2005},
	Bdsk-File-1 = {YnBsaXN0MDDSAQIDBFxyZWxhdGl2ZVBhdGhZYWxpYXNEYXRhXxA3Li4vZGlzc2VydGF0aW9uX3BhcGVycy9NZXRob2RzIFBhcGVycy9pb2FubmlkaXMyMDA1LnBkZk8RAfAAAAAAAfAAAgAADE1hY2ludG9zaCBIRAAAAAAAAAAAAAAAAAAAAAAAAABCRAAB/////xFpb2FubmlkaXMyMDA1LnBkZgAAAAAAAAAAAAAAAAAAAAAAAAAAAAAAAAAAAAAAAAAAAAAAAAAAAAAAAAAAAAD/////AAAAAAAAAAAAAAAAAAEAAwAACiBjdQAAAAAAAAAAAAAAAAAOTWV0aG9kcyBQYXBlcnMAAgB2LzpVc2VyczpkeWxhbndpd2FkOkRyb3Bib3g6V29yazpEaXNzZXJ0YXRpb246V3JpdGluZzpEaXNzZXJ0YXRpb246ZGlzc2VydGF0aW9uX3BhcGVyczpNZXRob2RzIFBhcGVyczppb2FubmlkaXMyMDA1LnBkZgAOACQAEQBpAG8AYQBuAG4AaQBkAGkAcwAyADAAMAA1AC4AcABkAGYADwAaAAwATQBhAGMAaQBuAHQAbwBzAGgAIABIAEQAEgB0VXNlcnMvZHlsYW53aXdhZC9Ecm9wYm94L1dvcmsvRGlzc2VydGF0aW9uL1dyaXRpbmcvRGlzc2VydGF0aW9uL2Rpc3NlcnRhdGlvbl9wYXBlcnMvTWV0aG9kcyBQYXBlcnMvaW9hbm5pZGlzMjAwNS5wZGYAEwABLwAAFQACABH//wAAAAgADQAaACQAXgAAAAAAAAIBAAAAAAAAAAUAAAAAAAAAAAAAAAAAAAJS}}

@manual{issp09,
	Address = {GESIS Data Archive, Cologne. ZA5400 Data file Version 4.0.0, doi:10.4232/1.12777},
	Author = {ISSP Research Group},
	Date-Added = {2018-11-06 08:53:08 -0600},
	Date-Modified = {2018-11-06 08:55:13 -0600},
	Title = {International Social Survey Programme: Social Inequality IV - ISSP 2009},
	Year = {2017}}

@unpublished{horbergunpub,
	Author = {E J Horberg and P K Piff and B Monin},
	Date-Added = {2018-11-05 14:18:05 -0600},
	Date-Modified = {2019-04-08 17:47:37 -0700},
	Journal = {Unpublished},
	Title = {An Embarassment of Riches: Wealth Guilt and the Rejection of Conspicuous Consumption},
	Year = {2016},
	Bdsk-File-1 = {YnBsaXN0MDDSAQIDBFxyZWxhdGl2ZVBhdGhZYWxpYXNEYXRhXxBBLi4vLi4vLi4vLi4vLi4vLi4vRG93bmxvYWRzL2Rpc3NlcnRhdGlvbl9wYXBlcnMvaG9yYmVyZyB1bnB1Yi5wZGZPEQGOAAAAAAGOAAIAAAxNYWNpbnRvc2ggSEQAAAAAAAAAAAAAAAAAAAAAAAAAQkQAAf////8RaG9yYmVyZyB1bnB1Yi5wZGYAAAAAAAAAAAAAAAAAAAAAAAAAAAAAAAAAAAAAAAAAAAAAAAAAAAAAAAAAAAAA/////wAAAAAAAAAAAAAAAAAGAAMAAAogY3UAAAAAAAAAAAAAAAAAE2Rpc3NlcnRhdGlvbl9wYXBlcnMAAAIAQi86VXNlcnM6ZHlsYW53aXdhZDpEb3dubG9hZHM6ZGlzc2VydGF0aW9uX3BhcGVyczpob3JiZXJnIHVucHViLnBkZgAOACQAEQBoAG8AcgBiAGUAcgBnACAAdQBuAHAAdQBiAC4AcABkAGYADwAaAAwATQBhAGMAaQBuAHQAbwBzAGgAIABIAEQAEgBAVXNlcnMvZHlsYW53aXdhZC9Eb3dubG9hZHMvZGlzc2VydGF0aW9uX3BhcGVycy9ob3JiZXJnIHVucHViLnBkZgATAAEvAAAVAAIAEf//AAAACAANABoAJABoAAAAAAAAAgEAAAAAAAAABQAAAAAAAAAAAAAAAAAAAfo=}}

@article{hooper15,
	Author = {N Hooper and A Erdogan and G Keen and K Lawton and L McHugh},
	Date-Added = {2018-11-05 14:12:39 -0600},
	Date-Modified = {2019-04-08 17:47:27 -0700},
	Journal = {Journal of Contextual Behavioral Science},
	Number = {2},
	Pages = {69-72},
	Title = {Perspective Taking Reduces the fundamental Attribution Error},
	Volume = {4},
	Year = {2015},
	Bdsk-File-1 = {YnBsaXN0MDDSAQIDBFxyZWxhdGl2ZVBhdGhZYWxpYXNEYXRhXxBFLi4vLi4vLi4vLi4vLi4vLi4vRG93bmxvYWRzL2Rpc3NlcnRhdGlvbl9wYXBlcnMvaG9vcGVyIGV0IGFsIDIwMTUucGRmTxEBngAAAAABngACAAAMTWFjaW50b3NoIEhEAAAAAAAAAAAAAAAAAAAAAAAAAEJEAAH/////FWhvb3BlciBldCBhbCAyMDE1LnBkZgAAAAAAAAAAAAAAAAAAAAAAAAAAAAAAAAAAAAAAAAAAAAAAAAAAAAAAAP////8AAAAAAAAAAAAAAAAABgADAAAKIGN1AAAAAAAAAAAAAAAAABNkaXNzZXJ0YXRpb25fcGFwZXJzAAACAEYvOlVzZXJzOmR5bGFud2l3YWQ6RG93bmxvYWRzOmRpc3NlcnRhdGlvbl9wYXBlcnM6aG9vcGVyIGV0IGFsIDIwMTUucGRmAA4ALAAVAGgAbwBvAHAAZQByACAAZQB0ACAAYQBsACAAMgAwADEANQAuAHAAZABmAA8AGgAMAE0AYQBjAGkAbgB0AG8AcwBoACAASABEABIARFVzZXJzL2R5bGFud2l3YWQvRG93bmxvYWRzL2Rpc3NlcnRhdGlvbl9wYXBlcnMvaG9vcGVyIGV0IGFsIDIwMTUucGRmABMAAS8AABUAAgAR//8AAAAIAA0AGgAkAGwAAAAAAAACAQAAAAAAAAAFAAAAAAAAAAAAAAAAAAACDg==}}

@article{he11,
	Author = {He, Y and Yucel, R and Raghunathan, T E},
	Date-Added = {2018-11-05 14:11:20 -0600},
	Date-Modified = {2019-04-08 18:04:46 -0700},
	Doi = {10.1002/sim.4201},
	Issn = {0277-6715},
	Journal = {Statistics in Medicine},
	Pages = {1137-1156},
	Publisher = {Wiley},
	Title = {A functional multiple imputation approach to incomplete longitudinal data},
	Url = {http://dx.doi.org/10.1002/sim.4201},
	Volume = {30},
	Year = {2011},
	Bdsk-File-1 = {YnBsaXN0MDDSAQIDBFxyZWxhdGl2ZVBhdGhZYWxpYXNEYXRhXxA7Li4vLi4vLi4vLi4vLi4vLi4vRG93bmxvYWRzL2Rpc3NlcnRhdGlvbl9wYXBlcnMvaGUgMjAxMS5wZGZPEQF2AAAAAAF2AAIAAAxNYWNpbnRvc2ggSEQAAAAAAAAAAAAAAAAAAAAAAAAAQkQAAf////8LaGUgMjAxMS5wZGYAAAAAAAAAAAAAAAAAAAAAAAAAAAAAAAAAAAAAAAAAAAAAAAAAAAAAAAAAAAAAAAAAAAAA/////wAAAAAAAAAAAAAAAAAGAAMAAAogY3UAAAAAAAAAAAAAAAAAE2Rpc3NlcnRhdGlvbl9wYXBlcnMAAAIAPC86VXNlcnM6ZHlsYW53aXdhZDpEb3dubG9hZHM6ZGlzc2VydGF0aW9uX3BhcGVyczpoZSAyMDExLnBkZgAOABgACwBoAGUAIAAyADAAMQAxAC4AcABkAGYADwAaAAwATQBhAGMAaQBuAHQAbwBzAGgAIABIAEQAEgA6VXNlcnMvZHlsYW53aXdhZC9Eb3dubG9hZHMvZGlzc2VydGF0aW9uX3BhcGVycy9oZSAyMDExLnBkZgATAAEvAAAVAAIAEf//AAAACAANABoAJABiAAAAAAAAAgEAAAAAAAAABQAAAAAAAAAAAAAAAAAAAdw=},
	Bdsk-Url-1 = {http://dx.doi.org/10.1002/sim.4201}}

@book{hayes13,
	Address = {New York, NY},
	Author = {A F Hayes},
	Date-Added = {2018-11-05 14:09:04 -0600},
	Date-Modified = {2019-04-08 17:46:52 -0700},
	Publisher = {The Guildford Press},
	Title = {Introduction to Mediation, Moderation, and Conditional Process Analysis: A Regression Based Approach},
	Year = {2013}}

@article{halpern93,
	Author = {R Halpern},
	Date-Added = {2018-11-05 14:07:08 -0600},
	Date-Modified = {2019-04-08 17:46:46 -0700},
	Journal = {The Future of Children},
	Number = {3},
	Pages = {158-171},
	Title = {The Societal Context of Home Visiting and Related Services for Families in Poverty},
	Volume = {3},
	Year = {1993},
	Bdsk-File-1 = {YnBsaXN0MDDSAQIDBFxyZWxhdGl2ZVBhdGhZYWxpYXNEYXRhXxA/Li4vLi4vLi4vLi4vLi4vLi4vRG93bmxvYWRzL2Rpc3NlcnRhdGlvbl9wYXBlcnMvSGFscGVybjE5OTMucGRmTxEBhgAAAAABhgACAAAMTWFjaW50b3NoIEhEAAAAAAAAAAAAAAAAAAAAAAAAAEJEAAH/////D0hhbHBlcm4xOTkzLnBkZgAAAAAAAAAAAAAAAAAAAAAAAAAAAAAAAAAAAAAAAAAAAAAAAAAAAAAAAAAAAAAAAP////8AAAAAAAAAAAAAAAAABgADAAAKIGN1AAAAAAAAAAAAAAAAABNkaXNzZXJ0YXRpb25fcGFwZXJzAAACAEAvOlVzZXJzOmR5bGFud2l3YWQ6RG93bmxvYWRzOmRpc3NlcnRhdGlvbl9wYXBlcnM6SGFscGVybjE5OTMucGRmAA4AIAAPAEgAYQBsAHAAZQByAG4AMQA5ADkAMwAuAHAAZABmAA8AGgAMAE0AYQBjAGkAbgB0AG8AcwBoACAASABEABIAPlVzZXJzL2R5bGFud2l3YWQvRG93bmxvYWRzL2Rpc3NlcnRhdGlvbl9wYXBlcnMvSGFscGVybjE5OTMucGRmABMAAS8AABUAAgAR//8AAAAIAA0AGgAkAGYAAAAAAAACAQAAAAAAAAAFAAAAAAAAAAAAAAAAAAAB8A==}}

@article{gurwitz77,
	Author = {S B Gurwitz and K A Dodge},
	Date-Added = {2018-11-05 14:04:04 -0600},
	Date-Modified = {2019-04-08 17:46:36 -0700},
	Journal = {Journal of Personality and Social Psychology},
	Number = {7},
	Pages = {495-500},
	Title = {Effects of Confirmations and Disconfirmations on Stereotype-Based Attributions},
	Volume = {35},
	Year = {1977},
	Bdsk-File-1 = {YnBsaXN0MDDSAQIDBFxyZWxhdGl2ZVBhdGhZYWxpYXNEYXRhXxA/Li4vLi4vLi4vLi4vLi4vLi4vRG93bmxvYWRzL2Rpc3NlcnRhdGlvbl9wYXBlcnMvR3Vyd2l0ejE5NzcucGRmTxEBhgAAAAABhgACAAAMTWFjaW50b3NoIEhEAAAAAAAAAAAAAAAAAAAAAAAAAEJEAAH/////D0d1cndpdHoxOTc3LnBkZgAAAAAAAAAAAAAAAAAAAAAAAAAAAAAAAAAAAAAAAAAAAAAAAAAAAAAAAAAAAAAAAP////8AAAAAAAAAAAAAAAAABgADAAAKIGN1AAAAAAAAAAAAAAAAABNkaXNzZXJ0YXRpb25fcGFwZXJzAAACAEAvOlVzZXJzOmR5bGFud2l3YWQ6RG93bmxvYWRzOmRpc3NlcnRhdGlvbl9wYXBlcnM6R3Vyd2l0ejE5NzcucGRmAA4AIAAPAEcAdQByAHcAaQB0AHoAMQA5ADcANwAuAHAAZABmAA8AGgAMAE0AYQBjAGkAbgB0AG8AcwBoACAASABEABIAPlVzZXJzL2R5bGFud2l3YWQvRG93bmxvYWRzL2Rpc3NlcnRhdGlvbl9wYXBlcnMvR3Vyd2l0ejE5NzcucGRmABMAAS8AABUAAgAR//8AAAAIAA0AGgAkAGYAAAAAAAACAQAAAAAAAAAFAAAAAAAAAAAAAAAAAAAB8A==}}

@article{guimond89,
	Author = {S Guimond and G Begin and D L Palmer},
	Date-Added = {2018-11-05 14:01:24 -0600},
	Date-Modified = {2019-04-08 17:46:26 -0700},
	Journal = {Social Psychology Quarterly},
	Number = {2},
	Pages = {126-140},
	Title = {Educational and Causal Attributions: The Development of "Person-Blame" and "System-Blame" Ideology},
	Volume = {52},
	Year = {1989},
	Bdsk-File-1 = {YnBsaXN0MDDSAQIDBFxyZWxhdGl2ZVBhdGhZYWxpYXNEYXRhXxA/Li4vLi4vLi4vLi4vLi4vLi4vRG93bmxvYWRzL2Rpc3NlcnRhdGlvbl9wYXBlcnMvZ3VpbW9uZDE5ODkucGRmTxEBhgAAAAABhgACAAAMTWFjaW50b3NoIEhEAAAAAAAAAAAAAAAAAAAAAAAAAEJEAAH/////D2d1aW1vbmQxOTg5LnBkZgAAAAAAAAAAAAAAAAAAAAAAAAAAAAAAAAAAAAAAAAAAAAAAAAAAAAAAAAAAAAAAAP////8AAAAAAAAAAAAAAAAABgADAAAKIGN1AAAAAAAAAAAAAAAAABNkaXNzZXJ0YXRpb25fcGFwZXJzAAACAEAvOlVzZXJzOmR5bGFud2l3YWQ6RG93bmxvYWRzOmRpc3NlcnRhdGlvbl9wYXBlcnM6Z3VpbW9uZDE5ODkucGRmAA4AIAAPAGcAdQBpAG0AbwBuAGQAMQA5ADgAOQAuAHAAZABmAA8AGgAMAE0AYQBjAGkAbgB0AG8AcwBoACAASABEABIAPlVzZXJzL2R5bGFud2l3YWQvRG93bmxvYWRzL2Rpc3NlcnRhdGlvbl9wYXBlcnMvZ3VpbW9uZDE5ODkucGRmABMAAS8AABUAAgAR//8AAAAIAA0AGgAkAGYAAAAAAAACAQAAAAAAAAAFAAAAAAAAAAAAAAAAAAAB8A==}}

@article{grau88,
	Author = {L Grau},
	Date-Added = {2018-11-05 13:59:28 -0600},
	Date-Modified = {2019-04-08 17:46:14 -0700},
	Journal = {Women and Health},
	Pages = {103-118},
	Title = {Illness-Engendered Poverty Among the Elderly},
	Volume = {12},
	Year = {1988},
	Bdsk-File-1 = {YnBsaXN0MDDSAQIDBFxyZWxhdGl2ZVBhdGhZYWxpYXNEYXRhXxA8Li4vLi4vLi4vLi4vLi4vLi4vRG93bmxvYWRzL2Rpc3NlcnRhdGlvbl9wYXBlcnMvZ3JhdTE5ODgucGRmTxEBfAAAAAABfAACAAAMTWFjaW50b3NoIEhEAAAAAAAAAAAAAAAAAAAAAAAAAEJEAAH/////DGdyYXUxOTg4LnBkZgAAAAAAAAAAAAAAAAAAAAAAAAAAAAAAAAAAAAAAAAAAAAAAAAAAAAAAAAAAAAAAAAAAAP////8AAAAAAAAAAAAAAAAABgADAAAKIGN1AAAAAAAAAAAAAAAAABNkaXNzZXJ0YXRpb25fcGFwZXJzAAACAD0vOlVzZXJzOmR5bGFud2l3YWQ6RG93bmxvYWRzOmRpc3NlcnRhdGlvbl9wYXBlcnM6Z3JhdTE5ODgucGRmAAAOABoADABnAHIAYQB1ADEAOQA4ADgALgBwAGQAZgAPABoADABNAGEAYwBpAG4AdABvAHMAaAAgAEgARAASADtVc2Vycy9keWxhbndpd2FkL0Rvd25sb2Fkcy9kaXNzZXJ0YXRpb25fcGFwZXJzL2dyYXUxOTg4LnBkZgAAEwABLwAAFQACABH//wAAAAgADQAaACQAYwAAAAAAAAIBAAAAAAAAAAUAAAAAAAAAAAAAAAAAAAHj}}

@article{furnham83,
	Author = {A Furnham},
	Date-Added = {2018-11-05 13:55:40 -0600},
	Date-Modified = {2019-04-08 17:44:28 -0700},
	Journal = {Personality and Individual Differences},
	Number = {1},
	Pages = {31-40},
	Title = {Attributions for Affluence},
	Volume = {4},
	Year = {1983},
	Bdsk-File-1 = {YnBsaXN0MDDSAQIDBFxyZWxhdGl2ZVBhdGhZYWxpYXNEYXRhXxA/Li4vLi4vLi4vLi4vLi4vLi4vRG93bmxvYWRzL2Rpc3NlcnRhdGlvbl9wYXBlcnMvZnVybmhhbTE5ODMucGRmTxEBhgAAAAABhgACAAAMTWFjaW50b3NoIEhEAAAAAAAAAAAAAAAAAAAAAAAAAEJEAAH/////D2Z1cm5oYW0xOTgzLnBkZgAAAAAAAAAAAAAAAAAAAAAAAAAAAAAAAAAAAAAAAAAAAAAAAAAAAAAAAAAAAAAAAP////8AAAAAAAAAAAAAAAAABgADAAAKIGN1AAAAAAAAAAAAAAAAABNkaXNzZXJ0YXRpb25fcGFwZXJzAAACAEAvOlVzZXJzOmR5bGFud2l3YWQ6RG93bmxvYWRzOmRpc3NlcnRhdGlvbl9wYXBlcnM6ZnVybmhhbTE5ODMucGRmAA4AIAAPAGYAdQByAG4AaABhAG0AMQA5ADgAMwAuAHAAZABmAA8AGgAMAE0AYQBjAGkAbgB0AG8AcwBoACAASABEABIAPlVzZXJzL2R5bGFud2l3YWQvRG93bmxvYWRzL2Rpc3NlcnRhdGlvbl9wYXBlcnMvZnVybmhhbTE5ODMucGRmABMAAS8AABUAAgAR//8AAAAIAA0AGgAkAGYAAAAAAAACAQAAAAAAAAAFAAAAAAAAAAAAAAAAAAAB8A==}}

@article{furnhamhenderson1983,
	Author = {A Furnham and M Henderson},
	Date-Added = {2018-11-05 13:53:26 -0600},
	Date-Modified = {2019-04-08 17:44:45 -0700},
	Journal = {European Journal of Social Psychology},
	Number = {2},
	Pages = {107-120},
	Title = {Lay Theories of Deliquency},
	Volume = {13},
	Year = {1983},
	Bdsk-File-1 = {YnBsaXN0MDDSAQIDBFxyZWxhdGl2ZVBhdGhZYWxpYXNEYXRhXxBGLi4vLi4vLi4vLi4vLi4vLi4vRG93bmxvYWRzL2Rpc3NlcnRhdGlvbl9wYXBlcnMvZnVybmhhbSBldCBhbCAxOTgzLnBkZk8RAaQAAAAAAaQAAgAADE1hY2ludG9zaCBIRAAAAAAAAAAAAAAAAAAAAAAAAABCRAAB/////xZmdXJuaGFtIGV0IGFsIDE5ODMucGRmAAAAAAAAAAAAAAAAAAAAAAAAAAAAAAAAAAAAAAAAAAAAAAAAAAAAAAD/////AAAAAAAAAAAAAAAAAAYAAwAACiBjdQAAAAAAAAAAAAAAAAATZGlzc2VydGF0aW9uX3BhcGVycwAAAgBHLzpVc2VyczpkeWxhbndpd2FkOkRvd25sb2FkczpkaXNzZXJ0YXRpb25fcGFwZXJzOmZ1cm5oYW0gZXQgYWwgMTk4My5wZGYAAA4ALgAWAGYAdQByAG4AaABhAG0AIABlAHQAIABhAGwAIAAxADkAOAAzAC4AcABkAGYADwAaAAwATQBhAGMAaQBuAHQAbwBzAGgAIABIAEQAEgBFVXNlcnMvZHlsYW53aXdhZC9Eb3dubG9hZHMvZGlzc2VydGF0aW9uX3BhcGVycy9mdXJuaGFtIGV0IGFsIDE5ODMucGRmAAATAAEvAAAVAAIAEf//AAAACAANABoAJABtAAAAAAAAAgEAAAAAAAAABQAAAAAAAAAAAAAAAAAAAhU=}}

@article{forgas82,
	Author = {J P Forgas and S L Morris and A Furnham},
	Date-Added = {2018-11-05 13:51:13 -0600},
	Date-Modified = {2019-04-08 17:44:20 -0700},
	Journal = {Journal of Applied Social Psychology},
	Number = {5},
	Pages = {381-397},
	Title = {Lay Explanations of Wealth: Attributions for Economic Success},
	Volume = {12},
	Year = {1982},
	Bdsk-File-1 = {YnBsaXN0MDDSAQIDBFxyZWxhdGl2ZVBhdGhZYWxpYXNEYXRhXxA/Li4vLi4vLi4vLi4vLi4vLi4vRG93bmxvYWRzL2Rpc3NlcnRhdGlvbl9wYXBlcnMvZm9yZ2FzIDE5ODIucGRmTxEBhgAAAAABhgACAAAMTWFjaW50b3NoIEhEAAAAAAAAAAAAAAAAAAAAAAAAAEJEAAH/////D2ZvcmdhcyAxOTgyLnBkZgAAAAAAAAAAAAAAAAAAAAAAAAAAAAAAAAAAAAAAAAAAAAAAAAAAAAAAAAAAAAAAAP////8AAAAAAAAAAAAAAAAABgADAAAKIGN1AAAAAAAAAAAAAAAAABNkaXNzZXJ0YXRpb25fcGFwZXJzAAACAEAvOlVzZXJzOmR5bGFud2l3YWQ6RG93bmxvYWRzOmRpc3NlcnRhdGlvbl9wYXBlcnM6Zm9yZ2FzIDE5ODIucGRmAA4AIAAPAGYAbwByAGcAYQBzACAAMQA5ADgAMgAuAHAAZABmAA8AGgAMAE0AYQBjAGkAbgB0AG8AcwBoACAASABEABIAPlVzZXJzL2R5bGFud2l3YWQvRG93bmxvYWRzL2Rpc3NlcnRhdGlvbl9wYXBlcnMvZm9yZ2FzIDE5ODIucGRmABMAAS8AABUAAgAR//8AAAAIAA0AGgAkAGYAAAAAAAACAQAAAAAAAAAFAAAAAAAAAAAAAAAAAAAB8A==}}

@article{fiske02,
	Author = {S T Fiske and A J C Cuddy and P Glick and J Xu},
	Date-Added = {2018-11-05 13:48:47 -0600},
	Date-Modified = {2019-04-08 17:44:06 -0700},
	Journal = {Journal of Personality and Social Psychology},
	Number = {6},
	Pages = {878-902},
	Title = {A Model of (Often Mixed) Stereotype Content: Competence and Warmth Respectively Follows from Perceived Status and Competition},
	Volume = {82},
	Year = {2002},
	Bdsk-File-1 = {YnBsaXN0MDDSAQIDBFxyZWxhdGl2ZVBhdGhZYWxpYXNEYXRhXxA9Li4vLi4vLi4vLi4vLi4vLi4vRG93bmxvYWRzL2Rpc3NlcnRhdGlvbl9wYXBlcnMvZmlza2UyMDAyLnBkZk8RAX4AAAAAAX4AAgAADE1hY2ludG9zaCBIRAAAAAAAAAAAAAAAAAAAAAAAAABCRAAB/////w1maXNrZTIwMDIucGRmAAAAAAAAAAAAAAAAAAAAAAAAAAAAAAAAAAAAAAAAAAAAAAAAAAAAAAAAAAAAAAAAAAD/////AAAAAAAAAAAAAAAAAAYAAwAACiBjdQAAAAAAAAAAAAAAAAATZGlzc2VydGF0aW9uX3BhcGVycwAAAgA+LzpVc2VyczpkeWxhbndpd2FkOkRvd25sb2FkczpkaXNzZXJ0YXRpb25fcGFwZXJzOmZpc2tlMjAwMi5wZGYADgAcAA0AZgBpAHMAawBlADIAMAAwADIALgBwAGQAZgAPABoADABNAGEAYwBpAG4AdABvAHMAaAAgAEgARAASADxVc2Vycy9keWxhbndpd2FkL0Rvd25sb2Fkcy9kaXNzZXJ0YXRpb25fcGFwZXJzL2Zpc2tlMjAwMi5wZGYAEwABLwAAFQACABH//wAAAAgADQAaACQAZAAAAAAAAAIBAAAAAAAAAAUAAAAAAAAAAAAAAAAAAAHm}}

@article{feather74,
	Author = {N T Feather},
	Date-Added = {2018-11-05 13:45:43 -0600},
	Date-Modified = {2019-04-08 17:43:32 -0700},
	Journal = {Australian Journal of Psychology},
	Number = {3},
	Pages = {199-216},
	Title = {Explanations of Poverty in Australian and American Samples},
	Volume = {26},
	Year = {1974},
	Bdsk-File-1 = {YnBsaXN0MDDSAQIDBFxyZWxhdGl2ZVBhdGhZYWxpYXNEYXRhXxA/Li4vLi4vLi4vLi4vLi4vLi4vRG93bmxvYWRzL2Rpc3NlcnRhdGlvbl9wYXBlcnMvRmVhdGhlcjE5NzQucGRmTxEBhgAAAAABhgACAAAMTWFjaW50b3NoIEhEAAAAAAAAAAAAAAAAAAAAAAAAAEJEAAH/////D0ZlYXRoZXIxOTc0LnBkZgAAAAAAAAAAAAAAAAAAAAAAAAAAAAAAAAAAAAAAAAAAAAAAAAAAAAAAAAAAAAAAAP////8AAAAAAAAAAAAAAAAABgADAAAKIGN1AAAAAAAAAAAAAAAAABNkaXNzZXJ0YXRpb25fcGFwZXJzAAACAEAvOlVzZXJzOmR5bGFud2l3YWQ6RG93bmxvYWRzOmRpc3NlcnRhdGlvbl9wYXBlcnM6RmVhdGhlcjE5NzQucGRmAA4AIAAPAEYAZQBhAHQAaABlAHIAMQA5ADcANAAuAHAAZABmAA8AGgAMAE0AYQBjAGkAbgB0AG8AcwBoACAASABEABIAPlVzZXJzL2R5bGFud2l3YWQvRG93bmxvYWRzL2Rpc3NlcnRhdGlvbl9wYXBlcnMvRmVhdGhlcjE5NzQucGRmABMAAS8AABUAAgAR//8AAAAIAA0AGgAkAGYAAAAAAAACAQAAAAAAAAAFAAAAAAAAAAAAAAAAAAAB8A==}}

@book{feagin75,
	Address = {Englewood Cliffs, NJ},
	Author = {J R Feagin},
	Date-Added = {2018-11-05 13:27:56 -0600},
	Date-Modified = {2019-04-08 17:43:07 -0700},
	Publisher = {Prentice-Hall},
	Title = {Subordinating the Poor: Welfare and American Beliefs},
	Year = {1975}}

@article{engel02,
	Author = {K Engel and P McCoy},
	Date-Added = {2018-11-05 13:23:50 -0600},
	Date-Modified = {2019-04-08 17:43:01 -0700},
	Journal = {Texas Law Review},
	Pages = {1255-1381},
	Title = {A Tale of Three Markets: The Law and Economics of Predatory Lending},
	Volume = {80},
	Year = {2002},
	Bdsk-File-1 = {YnBsaXN0MDDSAQIDBFxyZWxhdGl2ZVBhdGhZYWxpYXNEYXRhXxA+Li4vLi4vLi4vLi4vLi4vLi4vRG93bmxvYWRzL2Rpc3NlcnRhdGlvbl9wYXBlcnMvZW5nZWwgMjAwMi5wZGZPEQGEAAAAAAGEAAIAAAxNYWNpbnRvc2ggSEQAAAAAAAAAAAAAAAAAAAAAAAAAQkQAAf////8OZW5nZWwgMjAwMi5wZGYAAAAAAAAAAAAAAAAAAAAAAAAAAAAAAAAAAAAAAAAAAAAAAAAAAAAAAAAAAAAAAAAA/////wAAAAAAAAAAAAAAAAAGAAMAAAogY3UAAAAAAAAAAAAAAAAAE2Rpc3NlcnRhdGlvbl9wYXBlcnMAAAIAPy86VXNlcnM6ZHlsYW53aXdhZDpEb3dubG9hZHM6ZGlzc2VydGF0aW9uX3BhcGVyczplbmdlbCAyMDAyLnBkZgAADgAeAA4AZQBuAGcAZQBsACAAMgAwADAAMgAuAHAAZABmAA8AGgAMAE0AYQBjAGkAbgB0AG8AcwBoACAASABEABIAPVVzZXJzL2R5bGFud2l3YWQvRG93bmxvYWRzL2Rpc3NlcnRhdGlvbl9wYXBlcnMvZW5nZWwgMjAwMi5wZGYAABMAAS8AABUAAgAR//8AAAAIAA0AGgAkAGUAAAAAAAACAQAAAAAAAAAFAAAAAAAAAAAAAAAAAAAB7Q==}}

@webpage{desilver14,
	Author = {D DeSilver},
	Date-Added = {2018-11-05 13:16:28 -0600},
	Date-Modified = {2019-04-08 17:42:49 -0700},
	Lastchecked = {November 5, 2018},
	Month = {Jan},
	Title = {5 Facts About Inequality},
	Url = {http://www.pewresearch.org/fact-tank/2014/01/07/5-facts-about-economic-inequality/},
	Year = {2014},
	Bdsk-Url-1 = {http://www.pewresearch.org/fact-tank/2014/01/07/5-facts-about-economic-inequality/}}

@article{davis80,
	Author = {M H Davis},
	Date-Added = {2018-11-05 13:03:48 -0600},
	Date-Modified = {2019-04-08 17:42:36 -0700},
	Journal = {JSAS Catalog of Selected Documents in Psychology},
	Pages = {85-104},
	Title = {A Multidimensional Approach to Individual Differences in Empathy},
	Volume = {10},
	Year = {1980},
	Bdsk-File-1 = {YnBsaXN0MDDSAQIDBFxyZWxhdGl2ZVBhdGhZYWxpYXNEYXRhXxA+Li4vLi4vLi4vLi4vLi4vLi4vRG93bmxvYWRzL2Rpc3NlcnRhdGlvbl9wYXBlcnMvRGF2aXNfMTk4MC5wZGZPEQGEAAAAAAGEAAIAAAxNYWNpbnRvc2ggSEQAAAAAAAAAAAAAAAAAAAAAAAAAQkQAAf////8ORGF2aXNfMTk4MC5wZGYAAAAAAAAAAAAAAAAAAAAAAAAAAAAAAAAAAAAAAAAAAAAAAAAAAAAAAAAAAAAAAAAA/////wAAAAAAAAAAAAAAAAAGAAMAAAogY3UAAAAAAAAAAAAAAAAAE2Rpc3NlcnRhdGlvbl9wYXBlcnMAAAIAPy86VXNlcnM6ZHlsYW53aXdhZDpEb3dubG9hZHM6ZGlzc2VydGF0aW9uX3BhcGVyczpEYXZpc18xOTgwLnBkZgAADgAeAA4ARABhAHYAaQBzAF8AMQA5ADgAMAAuAHAAZABmAA8AGgAMAE0AYQBjAGkAbgB0AG8AcwBoACAASABEABIAPVVzZXJzL2R5bGFud2l3YWQvRG93bmxvYWRzL2Rpc3NlcnRhdGlvbl9wYXBlcnMvRGF2aXNfMTk4MC5wZGYAABMAAS8AABUAAgAR//8AAAAIAA0AGgAkAGUAAAAAAAACAQAAAAAAAAAFAAAAAAAAAAAAAAAAAAAB7Q==}}

@article{davidai16,
	Author = {S Davidai and T Gilovich},
	Date-Added = {2018-11-05 12:58:56 -0600},
	Date-Modified = {2019-04-08 17:42:26 -0700},
	Journal = {Journal of Personality and Social Psychology},
	Number = {6},
	Pages = {835-851},
	Title = {The Headwinds/Tailwinds Asymmetry: An Availability Bias in Assessments of Barriers and Blessings},
	Volume = {111},
	Year = {2016},
	Bdsk-File-1 = {YnBsaXN0MDDSAQIDBFxyZWxhdGl2ZVBhdGhZYWxpYXNEYXRhXxBALi4vLi4vLi4vLi4vLi4vLi4vRG93bmxvYWRzL2Rpc3NlcnRhdGlvbl9wYXBlcnMvZGF2aWRhaSAyMDE2LnBkZk8RAYwAAAAAAYwAAgAADE1hY2ludG9zaCBIRAAAAAAAAAAAAAAAAAAAAAAAAABCRAAB/////xBkYXZpZGFpIDIwMTYucGRmAAAAAAAAAAAAAAAAAAAAAAAAAAAAAAAAAAAAAAAAAAAAAAAAAAAAAAAAAAAAAAD/////AAAAAAAAAAAAAAAAAAYAAwAACiBjdQAAAAAAAAAAAAAAAAATZGlzc2VydGF0aW9uX3BhcGVycwAAAgBBLzpVc2VyczpkeWxhbndpd2FkOkRvd25sb2FkczpkaXNzZXJ0YXRpb25fcGFwZXJzOmRhdmlkYWkgMjAxNi5wZGYAAA4AIgAQAGQAYQB2AGkAZABhAGkAIAAyADAAMQA2AC4AcABkAGYADwAaAAwATQBhAGMAaQBuAHQAbwBzAGgAIABIAEQAEgA/VXNlcnMvZHlsYW53aXdhZC9Eb3dubG9hZHMvZGlzc2VydGF0aW9uX3BhcGVycy9kYXZpZGFpIDIwMTYucGRmAAATAAEvAAAVAAIAEf//AAAACAANABoAJABnAAAAAAAAAgEAAAAAAAAABQAAAAAAAAAAAAAAAAAAAfc=}}

@article{cozzarelli01,
	Author = {C Cozzarelli and A V Wilkinson and M J Tagler},
	Date-Added = {2018-11-05 12:56:20 -0600},
	Date-Modified = {2019-04-08 17:42:13 -0700},
	Journal = {Journal of Poverty},
	Number = {2},
	Pages = {201-227},
	Title = {Attitudes Towards the Poor and Attributions for Poverty},
	Volume = {57},
	Year = {2001},
	Bdsk-File-1 = {YnBsaXN0MDDSAQIDBFxyZWxhdGl2ZVBhdGhZYWxpYXNEYXRhXxBJLi4vLi4vLi4vLi4vLi4vLi4vRG93bmxvYWRzL2Rpc3NlcnRhdGlvbl9wYXBlcnMvQ296emFyZWxsaSBldCBhbCAyMDAxLnBkZk8RAa4AAAAAAa4AAgAADE1hY2ludG9zaCBIRAAAAAAAAAAAAAAAAAAAAAAAAABCRAAB/////xlDb3p6YXJlbGxpIGV0IGFsIDIwMDEucGRmAAAAAAAAAAAAAAAAAAAAAAAAAAAAAAAAAAAAAAAAAAAAAAAAAAD/////AAAAAAAAAAAAAAAAAAYAAwAACiBjdQAAAAAAAAAAAAAAAAATZGlzc2VydGF0aW9uX3BhcGVycwAAAgBKLzpVc2VyczpkeWxhbndpd2FkOkRvd25sb2FkczpkaXNzZXJ0YXRpb25fcGFwZXJzOkNvenphcmVsbGkgZXQgYWwgMjAwMS5wZGYADgA0ABkAQwBvAHoAegBhAHIAZQBsAGwAaQAgAGUAdAAgAGEAbAAgADIAMAAwADEALgBwAGQAZgAPABoADABNAGEAYwBpAG4AdABvAHMAaAAgAEgARAASAEhVc2Vycy9keWxhbndpd2FkL0Rvd25sb2Fkcy9kaXNzZXJ0YXRpb25fcGFwZXJzL0NvenphcmVsbGkgZXQgYWwgMjAwMS5wZGYAEwABLwAAFQACABH//wAAAAgADQAaACQAcAAAAAAAAAIBAAAAAAAAAAUAAAAAAAAAAAAAAAAAAAIi}}

@manual{champely18,
	Author = {S Champely},
	Date-Added = {2018-11-05 12:47:54 -0600},
	Date-Modified = {2019-04-08 17:41:50 -0700},
	Note = {R package version 1.2-2},
	Title = {pwr: Basic Functions for Power Analysis},
	Url = {https://CRAN.R-project.org/package=pwr},
	Year = {2012},
	Bdsk-Url-1 = {https://CRAN.R-project.org/package=pwr}}

@article{carden17,
	Author = {Carden, S W and Holtzman, N S and Strube, M J},
	Date-Added = {2018-11-05 12:46:43 -0600},
	Date-Modified = {2019-04-08 18:04:55 -0700},
	Doi = {10.3389/fpsyg.2017.01293},
	Issn = {1664-1078},
	Journal = {Frontiers in Psychology},
	Month = {Jul},
	Publisher = {Frontiers Media SA},
	Title = {CAHOST: An Excel Workbook for Facilitating the Johnson-Neyman Technique for Two-Way Interactions in Multiple Regression},
	Url = {http://dx.doi.org/10.3389/fpsyg.2017.01293},
	Volume = {8},
	Year = {2017},
	Bdsk-File-1 = {YnBsaXN0MDDSAQIDBFxyZWxhdGl2ZVBhdGhZYWxpYXNEYXRhXxBFLi4vLi4vLi4vLi4vLi4vLi4vRG93bmxvYWRzL2Rpc3NlcnRhdGlvbl9wYXBlcnMvY2FyZGVuIGV0IGFsIDIwMTcucGRmTxEBngAAAAABngACAAAMTWFjaW50b3NoIEhEAAAAAAAAAAAAAAAAAAAAAAAAAEJEAAH/////FWNhcmRlbiBldCBhbCAyMDE3LnBkZgAAAAAAAAAAAAAAAAAAAAAAAAAAAAAAAAAAAAAAAAAAAAAAAAAAAAAAAP////8AAAAAAAAAAAAAAAAABgADAAAKIGN1AAAAAAAAAAAAAAAAABNkaXNzZXJ0YXRpb25fcGFwZXJzAAACAEYvOlVzZXJzOmR5bGFud2l3YWQ6RG93bmxvYWRzOmRpc3NlcnRhdGlvbl9wYXBlcnM6Y2FyZGVuIGV0IGFsIDIwMTcucGRmAA4ALAAVAGMAYQByAGQAZQBuACAAZQB0ACAAYQBsACAAMgAwADEANwAuAHAAZABmAA8AGgAMAE0AYQBjAGkAbgB0AG8AcwBoACAASABEABIARFVzZXJzL2R5bGFud2l3YWQvRG93bmxvYWRzL2Rpc3NlcnRhdGlvbl9wYXBlcnMvY2FyZGVuIGV0IGFsIDIwMTcucGRmABMAAS8AABUAAgAR//8AAAAIAA0AGgAkAGwAAAAAAAACAQAAAAAAAAAFAAAAAAAAAAAAAAAAAAACDg==},
	Bdsk-Url-1 = {http://dx.doi.org/10.3389/fpsyg.2017.01293}}

@article{bullock03,
	Author = {Bullock, H E and Williams, W R and Limbert, W M},
	Date-Added = {2018-11-05 12:40:43 -0600},
	Date-Modified = {2019-04-08 17:41:06 -0700},
	Doi = {10.1300/j134v07n03_03},
	Issn = {1540-7608},
	Journal = {Journal of Poverty},
	Month = {Jun},
	Number = {3},
	Pages = {35--56},
	Publisher = {Informa UK Limited},
	Title = {Predicting Support for Welfare Policies: The Impact of Attributions and Beliefs About Inequality},
	Url = {http://dx.doi.org/10.1300/J134v07n03_03},
	Volume = {7},
	Year = {2003},
	Bdsk-File-1 = {YnBsaXN0MDDSAQIDBFxyZWxhdGl2ZVBhdGhZYWxpYXNEYXRhXxBGLi4vLi4vLi4vLi4vLi4vLi4vRG93bmxvYWRzL2Rpc3NlcnRhdGlvbl9wYXBlcnMvYnVsbG9jayBldCBhbCAyMDAzLnBkZk8RAaQAAAAAAaQAAgAADE1hY2ludG9zaCBIRAAAAAAAAAAAAAAAAAAAAAAAAABCRAAB/////xZidWxsb2NrIGV0IGFsIDIwMDMucGRmAAAAAAAAAAAAAAAAAAAAAAAAAAAAAAAAAAAAAAAAAAAAAAAAAAAAAAD/////AAAAAAAAAAAAAAAAAAYAAwAACiBjdQAAAAAAAAAAAAAAAAATZGlzc2VydGF0aW9uX3BhcGVycwAAAgBHLzpVc2VyczpkeWxhbndpd2FkOkRvd25sb2FkczpkaXNzZXJ0YXRpb25fcGFwZXJzOmJ1bGxvY2sgZXQgYWwgMjAwMy5wZGYAAA4ALgAWAGIAdQBsAGwAbwBjAGsAIABlAHQAIABhAGwAIAAyADAAMAAzAC4AcABkAGYADwAaAAwATQBhAGMAaQBuAHQAbwBzAGgAIABIAEQAEgBFVXNlcnMvZHlsYW53aXdhZC9Eb3dubG9hZHMvZGlzc2VydGF0aW9uX3BhcGVycy9idWxsb2NrIGV0IGFsIDIwMDMucGRmAAATAAEvAAAVAAIAEf//AAAACAANABoAJABtAAAAAAAAAgEAAAAAAAAABQAAAAAAAAAAAAAAAAAAAhU=},
	Bdsk-Url-1 = {http://dx.doi.org/10.1300/J134v07n03_03},
	Bdsk-Url-2 = {http://dx.doi.org/10.1300/j134v07n03_03}}

@article{baron86,
	Author = {R M Baron and D A Kenny},
	Date-Added = {2018-11-05 12:36:04 -0600},
	Date-Modified = {2019-04-08 17:40:29 -0700},
	Journal = {Journal of Personality and Social Psychology},
	Number = {6},
	Pages = {1173-1182},
	Title = {The Moderator-Mediator Variable Distinction in Social Psychological Research: Conceptual, Strategic, and Statistical Considerations},
	Volume = {51},
	Year = {1986},
	Bdsk-File-1 = {YnBsaXN0MDDSAQIDBFxyZWxhdGl2ZVBhdGhZYWxpYXNEYXRhXxBELi4vLi4vLi4vLi4vLi4vLi4vRG93bmxvYWRzL2Rpc3NlcnRhdGlvbl9wYXBlcnMvYmFyb24ga2VubnkgMTk4Ni5wZGZPEQGcAAAAAAGcAAIAAAxNYWNpbnRvc2ggSEQAAAAAAAAAAAAAAAAAAAAAAAAAQkQAAf////8UYmFyb24ga2VubnkgMTk4Ni5wZGYAAAAAAAAAAAAAAAAAAAAAAAAAAAAAAAAAAAAAAAAAAAAAAAAAAAAAAAAA/////wAAAAAAAAAAAAAAAAAGAAMAAAogY3UAAAAAAAAAAAAAAAAAE2Rpc3NlcnRhdGlvbl9wYXBlcnMAAAIARS86VXNlcnM6ZHlsYW53aXdhZDpEb3dubG9hZHM6ZGlzc2VydGF0aW9uX3BhcGVyczpiYXJvbiBrZW5ueSAxOTg2LnBkZgAADgAqABQAYgBhAHIAbwBuACAAawBlAG4AbgB5ACAAMQA5ADgANgAuAHAAZABmAA8AGgAMAE0AYQBjAGkAbgB0AG8AcwBoACAASABEABIAQ1VzZXJzL2R5bGFud2l3YWQvRG93bmxvYWRzL2Rpc3NlcnRhdGlvbl9wYXBlcnMvYmFyb24ga2VubnkgMTk4Ni5wZGYAABMAAS8AABUAAgAR//8AAAAIAA0AGgAkAGsAAAAAAAACAQAAAAAAAAAFAAAAAAAAAAAAAAAAAAACCw==}}

@article{aron97,
	Author = {A Aron and E Melinat and E N Aron and R D Vallone and R J Bator},
	Date-Added = {2018-11-05 12:33:13 -0600},
	Date-Modified = {2019-04-08 17:40:15 -0700},
	Journal = {Personality and Social Psychology Bulletin},
	Number = {4},
	Pages = {363-377},
	Title = {The Experimental Generation of Interpersonal Closeness: A Procedure and Some Preliminary Findings},
	Volume = {23},
	Year = {1997},
	Bdsk-File-1 = {YnBsaXN0MDDSAQIDBFxyZWxhdGl2ZVBhdGhZYWxpYXNEYXRhXxBDLi4vLi4vLi4vLi4vLi4vLi4vRG93bmxvYWRzL2Rpc3NlcnRhdGlvbl9wYXBlcnMvYXJvbiBldCBhbCAxOTk3LnBkZk8RAZYAAAAAAZYAAgAADE1hY2ludG9zaCBIRAAAAAAAAAAAAAAAAAAAAAAAAABCRAAB/////xNhcm9uIGV0IGFsIDE5OTcucGRmAAAAAAAAAAAAAAAAAAAAAAAAAAAAAAAAAAAAAAAAAAAAAAAAAAAAAAAAAAD/////AAAAAAAAAAAAAAAAAAYAAwAACiBjdQAAAAAAAAAAAAAAAAATZGlzc2VydGF0aW9uX3BhcGVycwAAAgBELzpVc2VyczpkeWxhbndpd2FkOkRvd25sb2FkczpkaXNzZXJ0YXRpb25fcGFwZXJzOmFyb24gZXQgYWwgMTk5Ny5wZGYADgAoABMAYQByAG8AbgAgAGUAdAAgAGEAbAAgADEAOQA5ADcALgBwAGQAZgAPABoADABNAGEAYwBpAG4AdABvAHMAaAAgAEgARAASAEJVc2Vycy9keWxhbndpd2FkL0Rvd25sb2Fkcy9kaXNzZXJ0YXRpb25fcGFwZXJzL2Fyb24gZXQgYWwgMTk5Ny5wZGYAEwABLwAAFQACABH//wAAAAgADQAaACQAagAAAAAAAAIBAAAAAAAAAAUAAAAAAAAAAAAAAAAAAAIE}}

@article{killip04,
	Author = {S Killip and Z Mahfoud and K Pearce},
	Date-Added = {2018-06-28 19:34:49 +0000},
	Date-Modified = {2019-04-08 17:50:58 -0700},
	Journal = {Annals of Family Medicine},
	Number = {3},
	Pages = {204-208},
	Title = {What is an Intracluster Correlation Coefficient? Crucial Concepts for Primary Care Researchers},
	Volume = {2},
	Year = {2004},
	Bdsk-File-1 = {YnBsaXN0MDDSAQIDBFxyZWxhdGl2ZVBhdGhZYWxpYXNEYXRhXxA7Li4vLi4vLi4vLi4vLi4vLi4vRG93bmxvYWRzL2Rpc3NlcnRhdGlvbl9wYXBlcnMva2lsaXAwNC5wZGZPEQF2AAAAAAF2AAIAAAxNYWNpbnRvc2ggSEQAAAAAAAAAAAAAAAAAAAAAAAAAQkQAAf////8La2lsaXAwNC5wZGYAAAAAAAAAAAAAAAAAAAAAAAAAAAAAAAAAAAAAAAAAAAAAAAAAAAAAAAAAAAAAAAAAAAAA/////wAAAAAAAAAAAAAAAAAGAAMAAAogY3UAAAAAAAAAAAAAAAAAE2Rpc3NlcnRhdGlvbl9wYXBlcnMAAAIAPC86VXNlcnM6ZHlsYW53aXdhZDpEb3dubG9hZHM6ZGlzc2VydGF0aW9uX3BhcGVyczpraWxpcDA0LnBkZgAOABgACwBrAGkAbABpAHAAMAA0AC4AcABkAGYADwAaAAwATQBhAGMAaQBuAHQAbwBzAGgAIABIAEQAEgA6VXNlcnMvZHlsYW53aXdhZC9Eb3dubG9hZHMvZGlzc2VydGF0aW9uX3BhcGVycy9raWxpcDA0LnBkZgATAAEvAAAVAAIAEf//AAAACAANABoAJABiAAAAAAAAAgEAAAAAAAAABQAAAAAAAAAAAAAAAAAAAdw=}}

@webpage{worldbank15,
	Author = {{The World Bank}},
	Date-Added = {2018-06-28 19:24:18 +0000},
	Date-Modified = {2019-04-08 18:02:36 -0700},
	Lastchecked = {June 28, 2018},
	Title = {GDP Per Capita (Current US \$)},
	Url = {https://data.worldbank.org/indicator/NY.GDP.PCAP.CD},
	Year = {2015},
	Bdsk-Url-1 = {https://data.worldbank.org/indicator/NY.GDP.PCAP.CD}}

@webpage{worldbank14,
	Author = {{The World Bank}},
	Date-Added = {2018-06-28 19:18:58 +0000},
	Date-Modified = {2019-04-08 18:02:44 -0700},
	Lastchecked = {June 28, 2018},
	Title = {Gini Index (World Bank Estimate)},
	Url = {https://data.worldbank.org/indicator/SI.POV.GINI},
	Year = {2014},
	Bdsk-Url-1 = {https://data.worldbank.org/indicator/SI.POV.GINI}}

@book{allison09,
	Address = {Thousand Oaks, CA},
	Author = {P D Allison},
	Date-Added = {2018-06-28 19:08:31 +0000},
	Date-Modified = {2019-04-08 17:39:48 -0700},
	Editor = {R E Millsap, A Maydeu-Olivares},
	Publisher = {SAGE Publications Inc.},
	Series = {The SAGE Handbook of Quantitative Methods in Psychology},
	Title = {Missing Data},
	Year = {2009}}

@article{little81,
	Abstract = { Abstract A common concern when faced with multivariate data with missing values is whether the missing data are missing completely at random (MCAR); that is, whether missingness depends on the variables in the data set. One way of assessing this is to compare the means of recorded values of each variable between groups defined by whether other variables in the data set are missing or not. Although informative, this procedure yields potentially many correlated statistics for testing MCAR, resulting in multiple-comparison problems. This article proposes a single global test statistic for MCAR that uses all of the available data. The asymptotic null distribution is given, and the small-sample null distribution is derived for multivariate normal data with a monotone pattern of missing data. The test reduces to a standard t test when the data are bivariate with missing data confined to a single variable. A limited simulation study of empirical sizes for the test applied to normal and nonnormal data suggests that the test is conservative for small samples. },
	Author = {R J A Little},
	Date-Added = {2018-06-28 18:53:59 +0000},
	Date-Modified = {2019-04-08 17:53:02 -0700},
	Doi = {10.1080/01621459.1988.10478722},
	Eprint = {https://www.tandfonline.com/doi/pdf/10.1080/01621459.1988.10478722},
	Journal = {Journal of the American Statistical Association},
	Number = {404},
	Pages = {1198-1202},
	Publisher = {Taylor & Francis},
	Title = {A Test of Missing Completely at Random for Multivariate Data with Missing Values},
	Url = {https://www.tandfonline.com/doi/abs/10.1080/01621459.1988.10478722},
	Volume = {83},
	Year = {1988},
	Bdsk-File-1 = {YnBsaXN0MDDSAQIDBFxyZWxhdGl2ZVBhdGhZYWxpYXNEYXRhXxA8Li4vLi4vLi4vLi4vLi4vLi4vRG93bmxvYWRzL2Rpc3NlcnRhdGlvbl9wYXBlcnMvTGl0dGxlODEucGRmTxEBfAAAAAABfAACAAAMTWFjaW50b3NoIEhEAAAAAAAAAAAAAAAAAAAAAAAAAEJEAAH/////DExpdHRsZTgxLnBkZgAAAAAAAAAAAAAAAAAAAAAAAAAAAAAAAAAAAAAAAAAAAAAAAAAAAAAAAAAAAAAAAAAAAP////8AAAAAAAAAAAAAAAAABgADAAAKIGN1AAAAAAAAAAAAAAAAABNkaXNzZXJ0YXRpb25fcGFwZXJzAAACAD0vOlVzZXJzOmR5bGFud2l3YWQ6RG93bmxvYWRzOmRpc3NlcnRhdGlvbl9wYXBlcnM6TGl0dGxlODEucGRmAAAOABoADABMAGkAdAB0AGwAZQA4ADEALgBwAGQAZgAPABoADABNAGEAYwBpAG4AdABvAHMAaAAgAEgARAASADtVc2Vycy9keWxhbndpd2FkL0Rvd25sb2Fkcy9kaXNzZXJ0YXRpb25fcGFwZXJzL0xpdHRsZTgxLnBkZgAAEwABLwAAFQACABH//wAAAAgADQAaACQAYwAAAAAAAAIBAAAAAAAAAAUAAAAAAAAAAAAAAAAAAAHj}}

@book{latexcompanion,
	Author = {F Mittelbach and M Goossens},
	Date-Modified = {2019-04-08 17:52:25 -0700},
	Publisher = {Addison-Wesley},
	Title = {The {\LaTeX} Compation},
	Year = {2004}}

@manual{inglehart,
	Author = {R Inglehart and C Haerpfer and A Moreno and C Welzel and K Kizilova and J Diez-Medrano and M Lagos and P Norris and E Ponarin and B Puranin},
	Date-Added = {2018-06-28 18:37:12 +0000},
	Date-Modified = {2019-04-08 17:49:46 -0700},
	Publisher = {JD Systems Institute},
	Title = {World Values Survey: Round Four - Country-Pooled Datafile},
	Url = {www.worldvaluessurvey.org/WVSDocumentationWV4.jsp},
	Year = {2014},
	Bdsk-Url-1 = {www.worldvaluessurvey.org/WVSDocumentationWV4.jsp}}

@manual{baylor,
	Author = {A A Beaujean},
	Date-Modified = {2019-04-08 17:40:38 -0700},
	Note = {R package version 0.5},
	Title = {BaylorEdPsych: R Package for Baylor University Educational Psychology Quantitative Courses},
	Url = {https://CRAN.R-project.org/package=BaylorEdPsych},
	Year = {2012},
	Bdsk-Url-1 = {https://CRAN.R-project.org/package=BaylorEdPsych}}

@manual{rcore,
	Address = {Vienna, Austria},
	Author = {{R Core Team}},
	Organization = {R Foundation for Statistical Computing},
	Title = {R: A Language and Environment for Statistical Computing},
	Url = {https://www.R-project.org/},
	Year = {2017},
	Bdsk-Url-1 = {https://www.R-project.org/}}

@manual{revelle17,
	Address = {Evanston, Illinois},
	Author = {W Revelle},
	Date-Modified = {2019-04-08 17:57:01 -0700},
	Note = {R package version 1.8.4},
	Organization = {Northwestern University},
	Title = {psych: Procedures for Psychological, Psychometric, and Personality Research},
	Url = {https://CRAN.R-project.org/package=psych},
	Year = {2018},
	Bdsk-Url-1 = {https://CRAN.R-project.org/package=psych}}

@article{rosseel12,
	Author = {Y Rosseel},
	Date-Modified = {2019-04-08 17:57:14 -0700},
	Journal = {Journal of Statistical Software},
	Number = {2},
	Pages = {1--36},
	Title = {{lavaan}: An {R} Package for Structural Equation Modeling},
	Url = {http://www.jstatsoft.org/v48/i02/},
	Volume = {48},
	Year = {2012},
	Bdsk-Url-1 = {http://www.jstatsoft.org/v48/i02/}}

@manual{rstudio16,
	Address = {Boston, MA},
	Author = {{RStudio Team}},
	Organization = {RStudio, Inc.},
	Title = {RStudio: Integrated Development Environment for R},
	Url = {http://www.rstudio.com/},
	Year = {2016},
	Bdsk-Url-1 = {http://www.rstudio.com/}}

@manual{torchiano17,
	Author = {M Torchiano},
	Date-Modified = {2019-04-08 17:59:26 -0700},
	Note = {R package version 0.7.1},
	Title = {effsize: Efficient Effect Size Computation},
	Url = {https://CRAN.R-project.org/package=effsize},
	Year = {2017},
	Bdsk-Url-1 = {https://CRAN.R-project.org/package=effsize}}

@article{vanbuuren11,
	Author = {S {van Buuren} and K Groothuis-Oudshoorn},
	Date-Modified = {2019-04-08 17:59:50 -0700},
	Journal = {Journal of Statistical Software},
	Number = {3},
	Pages = {1-67},
	Title = {{mice}: Multivariate Imputation by Chained Equations in R},
	Url = {https://www.jstatsoft.org/v45/i03/},
	Volume = {45},
	Year = {2011},
	Bdsk-File-1 = {YnBsaXN0MDDSAQIDBFxyZWxhdGl2ZVBhdGhZYWxpYXNEYXRhXxA/Li4vLi4vLi4vLi4vLi4vLi4vRG93bmxvYWRzL2Rpc3NlcnRhdGlvbl9wYXBlcnMvdmFuQnV1cmVuMTEucGRmTxEBhgAAAAABhgACAAAMTWFjaW50b3NoIEhEAAAAAAAAAAAAAAAAAAAAAAAAAEJEAAH/////D3ZhbkJ1dXJlbjExLnBkZgAAAAAAAAAAAAAAAAAAAAAAAAAAAAAAAAAAAAAAAAAAAAAAAAAAAAAAAAAAAAAAAP////8AAAAAAAAAAAAAAAAABgADAAAKIGN1AAAAAAAAAAAAAAAAABNkaXNzZXJ0YXRpb25fcGFwZXJzAAACAEAvOlVzZXJzOmR5bGFud2l3YWQ6RG93bmxvYWRzOmRpc3NlcnRhdGlvbl9wYXBlcnM6dmFuQnV1cmVuMTEucGRmAA4AIAAPAHYAYQBuAEIAdQB1AHIAZQBuADEAMQAuAHAAZABmAA8AGgAMAE0AYQBjAGkAbgB0AG8AcwBoACAASABEABIAPlVzZXJzL2R5bGFud2l3YWQvRG93bmxvYWRzL2Rpc3NlcnRhdGlvbl9wYXBlcnMvdmFuQnV1cmVuMTEucGRmABMAAS8AABUAAgAR//8AAAAIAA0AGgAkAGYAAAAAAAACAQAAAAAAAAAFAAAAAAAAAAAAAAAAAAAB8A==}}
